%YAML 1.1
%TAG !u! tag:unity3d.com,2011:
--- !u!1 &1232429045094250215
GameObject:
  m_ObjectHideFlags: 0
  m_CorrespondingSourceObject: {fileID: 0}
  m_PrefabInstance: {fileID: 0}
  m_PrefabAsset: {fileID: 0}
  serializedVersion: 6
  m_Component:
  - component: {fileID: 7574716261157454607}
  m_Layer: 0
  m_Name: House
  m_TagString: Untagged
  m_Icon: {fileID: 0}
  m_NavMeshLayer: 0
  m_StaticEditorFlags: 0
  m_IsActive: 1
--- !u!4 &7574716261157454607
Transform:
  m_ObjectHideFlags: 0
  m_CorrespondingSourceObject: {fileID: 0}
  m_PrefabInstance: {fileID: 0}
  m_PrefabAsset: {fileID: 0}
  m_GameObject: {fileID: 1232429045094250215}
  m_LocalRotation: {x: 0, y: 0, z: 0, w: 1}
  m_LocalPosition: {x: -6.430966, y: 2.5779347, z: -1.6667972}
  m_LocalScale: {x: 1, y: 1, z: 1}
  m_Children:
  - {fileID: 2433204306849101664}
  - {fileID: 8929695731403232837}
  - {fileID: 1899186094068602118}
  - {fileID: 3432296422132194517}
  - {fileID: 1745110015774080884}
  - {fileID: 1729398085059113639}
  - {fileID: 8768459554646986294}
  - {fileID: 204978334629149060}
  - {fileID: 4584881141611841958}
  - {fileID: 4095372536477920083}
  - {fileID: 7661095373539634285}
  - {fileID: 1748610583430495222}
  - {fileID: 8370105600269330166}
  m_Father: {fileID: 0}
  m_RootOrder: 0
  m_LocalEulerAnglesHint: {x: 0, y: 0, z: 0}
--- !u!1 &3546867458791129792
GameObject:
  m_ObjectHideFlags: 0
  m_CorrespondingSourceObject: {fileID: 0}
  m_PrefabInstance: {fileID: 0}
  m_PrefabAsset: {fileID: 0}
  serializedVersion: 6
  m_Component:
  - component: {fileID: 8929695731403232837}
  - component: {fileID: 4599855233703090062}
  - component: {fileID: 6475563423795075423}
  - component: {fileID: 7758413070435136776}
  m_Layer: 0
  m_Name: Wall (1)
  m_TagString: Untagged
  m_Icon: {fileID: 0}
  m_NavMeshLayer: 0
  m_StaticEditorFlags: 0
  m_IsActive: 1
--- !u!4 &8929695731403232837
Transform:
  m_ObjectHideFlags: 0
  m_CorrespondingSourceObject: {fileID: 0}
  m_PrefabInstance: {fileID: 0}
  m_PrefabAsset: {fileID: 0}
  m_GameObject: {fileID: 3546867458791129792}
  m_LocalRotation: {x: -0, y: -0, z: -0, w: 1}
  m_LocalPosition: {x: -1.729034, y: -1.6792883, z: 1.6667972}
  m_LocalScale: {x: 0.12499, y: 1.5403, z: 4.4}
  m_Children: []
  m_Father: {fileID: 7574716261157454607}
  m_RootOrder: 1
  m_LocalEulerAnglesHint: {x: 0, y: 0, z: 0}
--- !u!33 &4599855233703090062
MeshFilter:
  m_ObjectHideFlags: 0
  m_CorrespondingSourceObject: {fileID: 0}
  m_PrefabInstance: {fileID: 0}
  m_PrefabAsset: {fileID: 0}
  m_GameObject: {fileID: 3546867458791129792}
  m_Mesh: {fileID: 10202, guid: 0000000000000000e000000000000000, type: 0}
--- !u!23 &6475563423795075423
MeshRenderer:
  m_ObjectHideFlags: 0
  m_CorrespondingSourceObject: {fileID: 0}
  m_PrefabInstance: {fileID: 0}
  m_PrefabAsset: {fileID: 0}
  m_GameObject: {fileID: 3546867458791129792}
  m_Enabled: 1
  m_CastShadows: 1
  m_ReceiveShadows: 1
  m_DynamicOccludee: 1
  m_MotionVectors: 1
  m_LightProbeUsage: 1
  m_ReflectionProbeUsage: 1
  m_RayTracingMode: 2
  m_RayTraceProcedural: 0
  m_RenderingLayerMask: 1
  m_RendererPriority: 0
  m_Materials:
  - {fileID: 10303, guid: 0000000000000000f000000000000000, type: 0}
  m_StaticBatchInfo:
    firstSubMesh: 0
    subMeshCount: 0
  m_StaticBatchRoot: {fileID: 0}
  m_ProbeAnchor: {fileID: 0}
  m_LightProbeVolumeOverride: {fileID: 0}
  m_ScaleInLightmap: 1
  m_ReceiveGI: 1
  m_PreserveUVs: 0
  m_IgnoreNormalsForChartDetection: 0
  m_ImportantGI: 0
  m_StitchLightmapSeams: 1
  m_SelectedEditorRenderState: 3
  m_MinimumChartSize: 4
  m_AutoUVMaxDistance: 0.5
  m_AutoUVMaxAngle: 89
  m_LightmapParameters: {fileID: 0}
  m_SortingLayerID: 0
  m_SortingLayer: 0
  m_SortingOrder: 0
  m_AdditionalVertexStreams: {fileID: 0}
--- !u!65 &7758413070435136776
BoxCollider:
  m_ObjectHideFlags: 0
  m_CorrespondingSourceObject: {fileID: 0}
  m_PrefabInstance: {fileID: 0}
  m_PrefabAsset: {fileID: 0}
  m_GameObject: {fileID: 3546867458791129792}
  m_Material: {fileID: 0}
  m_IsTrigger: 0
  m_Enabled: 1
  serializedVersion: 2
  m_Size: {x: 1, y: 1, z: 1}
  m_Center: {x: 0, y: 0, z: 0}
--- !u!1 &3986351865199688798
GameObject:
  m_ObjectHideFlags: 0
  m_CorrespondingSourceObject: {fileID: 0}
  m_PrefabInstance: {fileID: 0}
  m_PrefabAsset: {fileID: 0}
  serializedVersion: 6
  m_Component:
  - component: {fileID: 1745110015774080884}
  - component: {fileID: 2137073442055976094}
  - component: {fileID: 3114415317964448055}
  - component: {fileID: 5259971985893109538}
  m_Layer: 0
  m_Name: Wall (4)
  m_TagString: Untagged
  m_Icon: {fileID: 0}
  m_NavMeshLayer: 0
  m_StaticEditorFlags: 0
  m_IsActive: 1
--- !u!4 &1745110015774080884
Transform:
  m_ObjectHideFlags: 0
  m_CorrespondingSourceObject: {fileID: 0}
  m_PrefabInstance: {fileID: 0}
  m_PrefabAsset: {fileID: 0}
  m_GameObject: {fileID: 3986351865199688798}
  m_LocalRotation: {x: 0.5, y: -0.5, z: -0.5, w: 0.5}
  m_LocalPosition: {x: 0.44096613, y: -2.3879347, z: 1.6867971}
  m_LocalScale: {x: 0.12499, y: 4.201697, z: 4.4}
  m_Children: []
  m_Father: {fileID: 7574716261157454607}
  m_RootOrder: 4
  m_LocalEulerAnglesHint: {x: 0, y: -90, z: -90}
--- !u!33 &2137073442055976094
MeshFilter:
  m_ObjectHideFlags: 0
  m_CorrespondingSourceObject: {fileID: 0}
  m_PrefabInstance: {fileID: 0}
  m_PrefabAsset: {fileID: 0}
  m_GameObject: {fileID: 3986351865199688798}
  m_Mesh: {fileID: 10202, guid: 0000000000000000e000000000000000, type: 0}
--- !u!23 &3114415317964448055
MeshRenderer:
  m_ObjectHideFlags: 0
  m_CorrespondingSourceObject: {fileID: 0}
  m_PrefabInstance: {fileID: 0}
  m_PrefabAsset: {fileID: 0}
  m_GameObject: {fileID: 3986351865199688798}
  m_Enabled: 1
  m_CastShadows: 1
  m_ReceiveShadows: 1
  m_DynamicOccludee: 1
  m_MotionVectors: 1
  m_LightProbeUsage: 1
  m_ReflectionProbeUsage: 1
  m_RayTracingMode: 2
  m_RayTraceProcedural: 0
  m_RenderingLayerMask: 1
  m_RendererPriority: 0
  m_Materials:
  - {fileID: 10303, guid: 0000000000000000f000000000000000, type: 0}
  m_StaticBatchInfo:
    firstSubMesh: 0
    subMeshCount: 0
  m_StaticBatchRoot: {fileID: 0}
  m_ProbeAnchor: {fileID: 0}
  m_LightProbeVolumeOverride: {fileID: 0}
  m_ScaleInLightmap: 1
  m_ReceiveGI: 1
  m_PreserveUVs: 0
  m_IgnoreNormalsForChartDetection: 0
  m_ImportantGI: 0
  m_StitchLightmapSeams: 1
  m_SelectedEditorRenderState: 3
  m_MinimumChartSize: 4
  m_AutoUVMaxDistance: 0.5
  m_AutoUVMaxAngle: 89
  m_LightmapParameters: {fileID: 0}
  m_SortingLayerID: 0
  m_SortingLayer: 0
  m_SortingOrder: 0
  m_AdditionalVertexStreams: {fileID: 0}
--- !u!65 &5259971985893109538
BoxCollider:
  m_ObjectHideFlags: 0
  m_CorrespondingSourceObject: {fileID: 0}
  m_PrefabInstance: {fileID: 0}
  m_PrefabAsset: {fileID: 0}
  m_GameObject: {fileID: 3986351865199688798}
  m_Material: {fileID: 0}
  m_IsTrigger: 0
  m_Enabled: 1
  serializedVersion: 2
  m_Size: {x: 1, y: 1, z: 1}
  m_Center: {x: 0, y: 0, z: 0}
--- !u!1 &6219463641115635034
GameObject:
  m_ObjectHideFlags: 0
  m_CorrespondingSourceObject: {fileID: 0}
  m_PrefabInstance: {fileID: 0}
  m_PrefabAsset: {fileID: 0}
  serializedVersion: 6
  m_Component:
  - component: {fileID: 2433204306849101664}
  - component: {fileID: 5665322197721382257}
  - component: {fileID: 5711806422102019282}
  - component: {fileID: 1954648955243201086}
  m_Layer: 0
  m_Name: Wall
  m_TagString: Untagged
  m_Icon: {fileID: 0}
  m_NavMeshLayer: 0
  m_StaticEditorFlags: 0
  m_IsActive: 1
--- !u!4 &2433204306849101664
Transform:
  m_ObjectHideFlags: 0
  m_CorrespondingSourceObject: {fileID: 0}
  m_PrefabInstance: {fileID: 0}
  m_PrefabAsset: {fileID: 0}
  m_GameObject: {fileID: 6219463641115635034}
  m_LocalRotation: {x: -0, y: -0, z: -0, w: 1}
  m_LocalPosition: {x: 2.6709664, y: -1.6792883, z: 1.6667972}
  m_LocalScale: {x: 0.12499, y: 1.5403, z: 4.4}
  m_Children: []
  m_Father: {fileID: 7574716261157454607}
  m_RootOrder: 0
  m_LocalEulerAnglesHint: {x: 0, y: 0, z: 0}
--- !u!33 &5665322197721382257
MeshFilter:
  m_ObjectHideFlags: 0
  m_CorrespondingSourceObject: {fileID: 0}
  m_PrefabInstance: {fileID: 0}
  m_PrefabAsset: {fileID: 0}
  m_GameObject: {fileID: 6219463641115635034}
  m_Mesh: {fileID: 10202, guid: 0000000000000000e000000000000000, type: 0}
--- !u!23 &5711806422102019282
MeshRenderer:
  m_ObjectHideFlags: 0
  m_CorrespondingSourceObject: {fileID: 0}
  m_PrefabInstance: {fileID: 0}
  m_PrefabAsset: {fileID: 0}
  m_GameObject: {fileID: 6219463641115635034}
  m_Enabled: 1
  m_CastShadows: 1
  m_ReceiveShadows: 1
  m_DynamicOccludee: 1
  m_MotionVectors: 1
  m_LightProbeUsage: 1
  m_ReflectionProbeUsage: 1
  m_RayTracingMode: 2
  m_RayTraceProcedural: 0
  m_RenderingLayerMask: 1
  m_RendererPriority: 0
  m_Materials:
  - {fileID: 10303, guid: 0000000000000000f000000000000000, type: 0}
  m_StaticBatchInfo:
    firstSubMesh: 0
    subMeshCount: 0
  m_StaticBatchRoot: {fileID: 0}
  m_ProbeAnchor: {fileID: 0}
  m_LightProbeVolumeOverride: {fileID: 0}
  m_ScaleInLightmap: 1
  m_ReceiveGI: 1
  m_PreserveUVs: 0
  m_IgnoreNormalsForChartDetection: 0
  m_ImportantGI: 0
  m_StitchLightmapSeams: 1
  m_SelectedEditorRenderState: 3
  m_MinimumChartSize: 4
  m_AutoUVMaxDistance: 0.5
  m_AutoUVMaxAngle: 89
  m_LightmapParameters: {fileID: 0}
  m_SortingLayerID: 0
  m_SortingLayer: 0
  m_SortingOrder: 0
  m_AdditionalVertexStreams: {fileID: 0}
--- !u!65 &1954648955243201086
BoxCollider:
  m_ObjectHideFlags: 0
  m_CorrespondingSourceObject: {fileID: 0}
  m_PrefabInstance: {fileID: 0}
  m_PrefabAsset: {fileID: 0}
  m_GameObject: {fileID: 6219463641115635034}
  m_Material: {fileID: 0}
  m_IsTrigger: 0
  m_Enabled: 1
  serializedVersion: 2
  m_Size: {x: 1, y: 1, z: 1}
  m_Center: {x: 0, y: 0, z: 0}
--- !u!1 &6590678566115764908
GameObject:
  m_ObjectHideFlags: 0
  m_CorrespondingSourceObject: {fileID: 0}
  m_PrefabInstance: {fileID: 0}
  m_PrefabAsset: {fileID: 0}
  serializedVersion: 6
  m_Component:
  - component: {fileID: 1899186094068602118}
  - component: {fileID: 6777925666589400863}
  - component: {fileID: 6311452441968581983}
  - component: {fileID: 3042998976124530061}
  m_Layer: 0
  m_Name: Wall (2)
  m_TagString: Untagged
  m_Icon: {fileID: 0}
  m_NavMeshLayer: 0
  m_StaticEditorFlags: 0
  m_IsActive: 1
--- !u!4 &1899186094068602118
Transform:
  m_ObjectHideFlags: 0
  m_CorrespondingSourceObject: {fileID: 0}
  m_PrefabInstance: {fileID: 0}
  m_PrefabAsset: {fileID: 0}
  m_GameObject: {fileID: 6590678566115764908}
  m_LocalRotation: {x: -0, y: -0.7071068, z: -0, w: 0.7071068}
  m_LocalPosition: {x: 0.44096613, y: -1.6792883, z: -0.47620273}
  m_LocalScale: {x: 0.12499, y: 1.5403, z: 4.4}
  m_Children: []
  m_Father: {fileID: 7574716261157454607}
  m_RootOrder: 2
  m_LocalEulerAnglesHint: {x: 0, y: -90, z: 0}
--- !u!33 &6777925666589400863
MeshFilter:
  m_ObjectHideFlags: 0
  m_CorrespondingSourceObject: {fileID: 0}
  m_PrefabInstance: {fileID: 0}
  m_PrefabAsset: {fileID: 0}
  m_GameObject: {fileID: 6590678566115764908}
  m_Mesh: {fileID: 10202, guid: 0000000000000000e000000000000000, type: 0}
--- !u!23 &6311452441968581983
MeshRenderer:
  m_ObjectHideFlags: 0
  m_CorrespondingSourceObject: {fileID: 0}
  m_PrefabInstance: {fileID: 0}
  m_PrefabAsset: {fileID: 0}
  m_GameObject: {fileID: 6590678566115764908}
  m_Enabled: 1
  m_CastShadows: 1
  m_ReceiveShadows: 1
  m_DynamicOccludee: 1
  m_MotionVectors: 1
  m_LightProbeUsage: 1
  m_ReflectionProbeUsage: 1
  m_RayTracingMode: 2
  m_RayTraceProcedural: 0
  m_RenderingLayerMask: 1
  m_RendererPriority: 0
  m_Materials:
  - {fileID: 10303, guid: 0000000000000000f000000000000000, type: 0}
  m_StaticBatchInfo:
    firstSubMesh: 0
    subMeshCount: 0
  m_StaticBatchRoot: {fileID: 0}
  m_ProbeAnchor: {fileID: 0}
  m_LightProbeVolumeOverride: {fileID: 0}
  m_ScaleInLightmap: 1
  m_ReceiveGI: 1
  m_PreserveUVs: 0
  m_IgnoreNormalsForChartDetection: 0
  m_ImportantGI: 0
  m_StitchLightmapSeams: 1
  m_SelectedEditorRenderState: 3
  m_MinimumChartSize: 4
  m_AutoUVMaxDistance: 0.5
  m_AutoUVMaxAngle: 89
  m_LightmapParameters: {fileID: 0}
  m_SortingLayerID: 0
  m_SortingLayer: 0
  m_SortingOrder: 0
  m_AdditionalVertexStreams: {fileID: 0}
--- !u!65 &3042998976124530061
BoxCollider:
  m_ObjectHideFlags: 0
  m_CorrespondingSourceObject: {fileID: 0}
  m_PrefabInstance: {fileID: 0}
  m_PrefabAsset: {fileID: 0}
  m_GameObject: {fileID: 6590678566115764908}
  m_Material: {fileID: 0}
  m_IsTrigger: 0
  m_Enabled: 1
  serializedVersion: 2
  m_Size: {x: 1, y: 1, z: 1}
  m_Center: {x: 0, y: 0, z: 0}
--- !u!1 &6842305131407317799
GameObject:
  m_ObjectHideFlags: 0
  m_CorrespondingSourceObject: {fileID: 0}
  m_PrefabInstance: {fileID: 0}
  m_PrefabAsset: {fileID: 0}
  serializedVersion: 6
  m_Component:
  - component: {fileID: 3432296422132194517}
  - component: {fileID: 6162815379027303131}
  - component: {fileID: 5406063834131718635}
  - component: {fileID: 4816621361365365593}
  m_Layer: 0
  m_Name: Wall (3)
  m_TagString: Untagged
  m_Icon: {fileID: 0}
  m_NavMeshLayer: 0
  m_StaticEditorFlags: 0
  m_IsActive: 1
--- !u!4 &3432296422132194517
Transform:
  m_ObjectHideFlags: 0
  m_CorrespondingSourceObject: {fileID: 0}
  m_PrefabInstance: {fileID: 0}
  m_PrefabAsset: {fileID: 0}
  m_GameObject: {fileID: 6842305131407317799}
  m_LocalRotation: {x: -0, y: -0.7071068, z: -0, w: 0.7071068}
  m_LocalPosition: {x: 0.44096613, y: -1.6792883, z: 3.805797}
  m_LocalScale: {x: 0.12499, y: 1.5403, z: 4.4}
  m_Children: []
  m_Father: {fileID: 7574716261157454607}
  m_RootOrder: 3
  m_LocalEulerAnglesHint: {x: 0, y: -90, z: 0}
--- !u!33 &6162815379027303131
MeshFilter:
  m_ObjectHideFlags: 0
  m_CorrespondingSourceObject: {fileID: 0}
  m_PrefabInstance: {fileID: 0}
  m_PrefabAsset: {fileID: 0}
  m_GameObject: {fileID: 6842305131407317799}
  m_Mesh: {fileID: 10202, guid: 0000000000000000e000000000000000, type: 0}
--- !u!23 &5406063834131718635
MeshRenderer:
  m_ObjectHideFlags: 0
  m_CorrespondingSourceObject: {fileID: 0}
  m_PrefabInstance: {fileID: 0}
  m_PrefabAsset: {fileID: 0}
  m_GameObject: {fileID: 6842305131407317799}
  m_Enabled: 1
  m_CastShadows: 1
  m_ReceiveShadows: 1
  m_DynamicOccludee: 1
  m_MotionVectors: 1
  m_LightProbeUsage: 1
  m_ReflectionProbeUsage: 1
  m_RayTracingMode: 2
  m_RayTraceProcedural: 0
  m_RenderingLayerMask: 1
  m_RendererPriority: 0
  m_Materials:
  - {fileID: 10303, guid: 0000000000000000f000000000000000, type: 0}
  m_StaticBatchInfo:
    firstSubMesh: 0
    subMeshCount: 0
  m_StaticBatchRoot: {fileID: 0}
  m_ProbeAnchor: {fileID: 0}
  m_LightProbeVolumeOverride: {fileID: 0}
  m_ScaleInLightmap: 1
  m_ReceiveGI: 1
  m_PreserveUVs: 0
  m_IgnoreNormalsForChartDetection: 0
  m_ImportantGI: 0
  m_StitchLightmapSeams: 1
  m_SelectedEditorRenderState: 3
  m_MinimumChartSize: 4
  m_AutoUVMaxDistance: 0.5
  m_AutoUVMaxAngle: 89
  m_LightmapParameters: {fileID: 0}
  m_SortingLayerID: 0
  m_SortingLayer: 0
  m_SortingOrder: 0
  m_AdditionalVertexStreams: {fileID: 0}
--- !u!65 &4816621361365365593
BoxCollider:
  m_ObjectHideFlags: 0
  m_CorrespondingSourceObject: {fileID: 0}
  m_PrefabInstance: {fileID: 0}
  m_PrefabAsset: {fileID: 0}
  m_GameObject: {fileID: 6842305131407317799}
  m_Material: {fileID: 0}
  m_IsTrigger: 0
  m_Enabled: 1
  serializedVersion: 2
  m_Size: {x: 1, y: 1, z: 1}
  m_Center: {x: 0, y: 0, z: 0}
--- !u!1001 &1070010287497878883
PrefabInstance:
  m_ObjectHideFlags: 0
  serializedVersion: 2
  m_Modification:
    m_TransformParent: {fileID: 7574716261157454607}
    m_Modifications:
    - target: {fileID: 1646486547838758852, guid: 7db088e8264de1b4b80b2c9926210e8b, type: 3}
      propertyPath: m_RootOrder
      value: 5
      objectReference: {fileID: 0}
    - target: {fileID: 1646486547838758852, guid: 7db088e8264de1b4b80b2c9926210e8b, type: 3}
      propertyPath: m_LocalPosition.x
      value: -3.1390338
      objectReference: {fileID: 0}
    - target: {fileID: 1646486547838758852, guid: 7db088e8264de1b4b80b2c9926210e8b, type: 3}
      propertyPath: m_LocalPosition.y
      value: -2.1219347
      objectReference: {fileID: 0}
    - target: {fileID: 1646486547838758852, guid: 7db088e8264de1b4b80b2c9926210e8b, type: 3}
      propertyPath: m_LocalPosition.z
      value: 0.68179715
      objectReference: {fileID: 0}
    - target: {fileID: 1646486547838758852, guid: 7db088e8264de1b4b80b2c9926210e8b, type: 3}
      propertyPath: m_LocalRotation.w
      value: 0.7071068
      objectReference: {fileID: 0}
    - target: {fileID: 1646486547838758852, guid: 7db088e8264de1b4b80b2c9926210e8b, type: 3}
      propertyPath: m_LocalRotation.x
      value: -0
      objectReference: {fileID: 0}
    - target: {fileID: 1646486547838758852, guid: 7db088e8264de1b4b80b2c9926210e8b, type: 3}
      propertyPath: m_LocalRotation.y
      value: 0.7071068
      objectReference: {fileID: 0}
    - target: {fileID: 1646486547838758852, guid: 7db088e8264de1b4b80b2c9926210e8b, type: 3}
      propertyPath: m_LocalRotation.z
      value: -0
      objectReference: {fileID: 0}
    - target: {fileID: 1646486547838758852, guid: 7db088e8264de1b4b80b2c9926210e8b, type: 3}
      propertyPath: m_LocalEulerAnglesHint.x
      value: 0
      objectReference: {fileID: 0}
    - target: {fileID: 1646486547838758852, guid: 7db088e8264de1b4b80b2c9926210e8b, type: 3}
      propertyPath: m_LocalEulerAnglesHint.y
      value: 90
      objectReference: {fileID: 0}
    - target: {fileID: 1646486547838758852, guid: 7db088e8264de1b4b80b2c9926210e8b, type: 3}
      propertyPath: m_LocalEulerAnglesHint.z
      value: 0
      objectReference: {fileID: 0}
    - target: {fileID: 2279049564335504818, guid: 7db088e8264de1b4b80b2c9926210e8b, type: 3}
      propertyPath: m_Materials.Array.data[0]
      value: 
      objectReference: {fileID: 2100000, guid: 6ae6490b70f3640468864ecba2fcb1d3, type: 2}
    - target: {fileID: 2784110858746281016, guid: 7db088e8264de1b4b80b2c9926210e8b, type: 3}
      propertyPath: m_Materials.Array.data[0]
      value: 
      objectReference: {fileID: 2100000, guid: 6ae6490b70f3640468864ecba2fcb1d3, type: 2}
    - target: {fileID: 4355886491763523693, guid: 7db088e8264de1b4b80b2c9926210e8b, type: 3}
      propertyPath: m_Materials.Array.data[0]
      value: 
      objectReference: {fileID: 2100000, guid: 6ae6490b70f3640468864ecba2fcb1d3, type: 2}
    - target: {fileID: 4813633364342856650, guid: 7db088e8264de1b4b80b2c9926210e8b, type: 3}
      propertyPath: m_Materials.Array.data[0]
      value: 
      objectReference: {fileID: 2100000, guid: 6ae6490b70f3640468864ecba2fcb1d3, type: 2}
    - target: {fileID: 6197518814692626200, guid: 7db088e8264de1b4b80b2c9926210e8b, type: 3}
      propertyPath: m_Materials.Array.data[0]
      value: 
      objectReference: {fileID: 2100000, guid: 6ae6490b70f3640468864ecba2fcb1d3, type: 2}
    - target: {fileID: 8068984554407795134, guid: 7db088e8264de1b4b80b2c9926210e8b, type: 3}
      propertyPath: m_Materials.Array.data[0]
      value: 
      objectReference: {fileID: 2100000, guid: 6ae6490b70f3640468864ecba2fcb1d3, type: 2}
    - target: {fileID: 8422090105796393354, guid: 7db088e8264de1b4b80b2c9926210e8b, type: 3}
      propertyPath: m_Name
      value: Window
      objectReference: {fileID: 0}
    m_RemovedComponents: []
  m_SourcePrefab: {fileID: 100100000, guid: 7db088e8264de1b4b80b2c9926210e8b, type: 3}
--- !u!4 &1729398085059113639 stripped
Transform:
  m_CorrespondingSourceObject: {fileID: 1646486547838758852, guid: 7db088e8264de1b4b80b2c9926210e8b, type: 3}
  m_PrefabInstance: {fileID: 1070010287497878883}
  m_PrefabAsset: {fileID: 0}
--- !u!1001 &2524468816362500663
PrefabInstance:
  m_ObjectHideFlags: 0
  serializedVersion: 2
  m_Modification:
    m_TransformParent: {fileID: 7574716261157454607}
    m_Modifications:
    - target: {fileID: 6278054925609587905, guid: 61e0a54fb4b724d498aa6129e35c24f9, type: 3}
      propertyPath: m_RootOrder
      value: 12
      objectReference: {fileID: 0}
    - target: {fileID: 6278054925609587905, guid: 61e0a54fb4b724d498aa6129e35c24f9, type: 3}
      propertyPath: m_LocalPosition.x
      value: -0.8571987
      objectReference: {fileID: 0}
    - target: {fileID: 6278054925609587905, guid: 61e0a54fb4b724d498aa6129e35c24f9, type: 3}
      propertyPath: m_LocalPosition.y
      value: -0.9285538
      objectReference: {fileID: 0}
    - target: {fileID: 6278054925609587905, guid: 61e0a54fb4b724d498aa6129e35c24f9, type: 3}
      propertyPath: m_LocalPosition.z
      value: 0.28967094
      objectReference: {fileID: 0}
    - target: {fileID: 6278054925609587905, guid: 61e0a54fb4b724d498aa6129e35c24f9, type: 3}
      propertyPath: m_LocalRotation.w
      value: 1
      objectReference: {fileID: 0}
    - target: {fileID: 6278054925609587905, guid: 61e0a54fb4b724d498aa6129e35c24f9, type: 3}
      propertyPath: m_LocalRotation.x
      value: -0
      objectReference: {fileID: 0}
    - target: {fileID: 6278054925609587905, guid: 61e0a54fb4b724d498aa6129e35c24f9, type: 3}
      propertyPath: m_LocalRotation.y
      value: -0
      objectReference: {fileID: 0}
    - target: {fileID: 6278054925609587905, guid: 61e0a54fb4b724d498aa6129e35c24f9, type: 3}
      propertyPath: m_LocalRotation.z
      value: -0
      objectReference: {fileID: 0}
    - target: {fileID: 6278054925609587905, guid: 61e0a54fb4b724d498aa6129e35c24f9, type: 3}
      propertyPath: m_LocalEulerAnglesHint.x
      value: 0
      objectReference: {fileID: 0}
    - target: {fileID: 6278054925609587905, guid: 61e0a54fb4b724d498aa6129e35c24f9, type: 3}
      propertyPath: m_LocalEulerAnglesHint.y
      value: 0
      objectReference: {fileID: 0}
    - target: {fileID: 6278054925609587905, guid: 61e0a54fb4b724d498aa6129e35c24f9, type: 3}
      propertyPath: m_LocalEulerAnglesHint.z
      value: 0
      objectReference: {fileID: 0}
    - target: {fileID: 7495372527310329019, guid: 61e0a54fb4b724d498aa6129e35c24f9, type: 3}
      propertyPath: m_Name
      value: Door
      objectReference: {fileID: 0}
    m_RemovedComponents: []
  m_SourcePrefab: {fileID: 100100000, guid: 61e0a54fb4b724d498aa6129e35c24f9, type: 3}
--- !u!4 &8370105600269330166 stripped
Transform:
  m_CorrespondingSourceObject: {fileID: 6278054925609587905, guid: 61e0a54fb4b724d498aa6129e35c24f9, type: 3}
  m_PrefabInstance: {fileID: 2524468816362500663}
  m_PrefabAsset: {fileID: 0}
--- !u!1001 &2988626338158093922
PrefabInstance:
  m_ObjectHideFlags: 0
  serializedVersion: 2
  m_Modification:
    m_TransformParent: {fileID: 7574716261157454607}
    m_Modifications:
    - target: {fileID: 1646486547838758852, guid: 7db088e8264de1b4b80b2c9926210e8b, type: 3}
      propertyPath: m_RootOrder
      value: 8
      objectReference: {fileID: 0}
    - target: {fileID: 1646486547838758852, guid: 7db088e8264de1b4b80b2c9926210e8b, type: 3}
      propertyPath: m_LocalPosition.x
      value: 1.4409661
      objectReference: {fileID: 0}
    - target: {fileID: 1646486547838758852, guid: 7db088e8264de1b4b80b2c9926210e8b, type: 3}
      propertyPath: m_LocalPosition.y
      value: -2.1219347
      objectReference: {fileID: 0}
    - target: {fileID: 1646486547838758852, guid: 7db088e8264de1b4b80b2c9926210e8b, type: 3}
      propertyPath: m_LocalPosition.z
      value: 2.486797
      objectReference: {fileID: 0}
    - target: {fileID: 1646486547838758852, guid: 7db088e8264de1b4b80b2c9926210e8b, type: 3}
      propertyPath: m_LocalRotation.w
      value: 0.7071068
      objectReference: {fileID: 0}
    - target: {fileID: 1646486547838758852, guid: 7db088e8264de1b4b80b2c9926210e8b, type: 3}
      propertyPath: m_LocalRotation.x
      value: -0
      objectReference: {fileID: 0}
    - target: {fileID: 1646486547838758852, guid: 7db088e8264de1b4b80b2c9926210e8b, type: 3}
      propertyPath: m_LocalRotation.y
      value: 0.7071068
      objectReference: {fileID: 0}
    - target: {fileID: 1646486547838758852, guid: 7db088e8264de1b4b80b2c9926210e8b, type: 3}
      propertyPath: m_LocalRotation.z
      value: -0
      objectReference: {fileID: 0}
    - target: {fileID: 1646486547838758852, guid: 7db088e8264de1b4b80b2c9926210e8b, type: 3}
      propertyPath: m_LocalEulerAnglesHint.x
      value: 0
      objectReference: {fileID: 0}
    - target: {fileID: 1646486547838758852, guid: 7db088e8264de1b4b80b2c9926210e8b, type: 3}
      propertyPath: m_LocalEulerAnglesHint.y
      value: 90
      objectReference: {fileID: 0}
    - target: {fileID: 1646486547838758852, guid: 7db088e8264de1b4b80b2c9926210e8b, type: 3}
      propertyPath: m_LocalEulerAnglesHint.z
      value: 0
      objectReference: {fileID: 0}
    - target: {fileID: 2279049564335504818, guid: 7db088e8264de1b4b80b2c9926210e8b, type: 3}
      propertyPath: m_Materials.Array.data[0]
      value: 
      objectReference: {fileID: 2100000, guid: 6ae6490b70f3640468864ecba2fcb1d3, type: 2}
    - target: {fileID: 2784110858746281016, guid: 7db088e8264de1b4b80b2c9926210e8b, type: 3}
      propertyPath: m_Materials.Array.data[0]
      value: 
      objectReference: {fileID: 2100000, guid: 6ae6490b70f3640468864ecba2fcb1d3, type: 2}
    - target: {fileID: 4355886491763523693, guid: 7db088e8264de1b4b80b2c9926210e8b, type: 3}
      propertyPath: m_Materials.Array.data[0]
      value: 
      objectReference: {fileID: 2100000, guid: 6ae6490b70f3640468864ecba2fcb1d3, type: 2}
    - target: {fileID: 4813633364342856650, guid: 7db088e8264de1b4b80b2c9926210e8b, type: 3}
      propertyPath: m_Materials.Array.data[0]
      value: 
      objectReference: {fileID: 2100000, guid: 6ae6490b70f3640468864ecba2fcb1d3, type: 2}
    - target: {fileID: 6197518814692626200, guid: 7db088e8264de1b4b80b2c9926210e8b, type: 3}
      propertyPath: m_Materials.Array.data[0]
      value: 
      objectReference: {fileID: 2100000, guid: 6ae6490b70f3640468864ecba2fcb1d3, type: 2}
    - target: {fileID: 8068984554407795134, guid: 7db088e8264de1b4b80b2c9926210e8b, type: 3}
      propertyPath: m_Materials.Array.data[0]
      value: 
      objectReference: {fileID: 2100000, guid: 6ae6490b70f3640468864ecba2fcb1d3, type: 2}
    - target: {fileID: 8422090105796393354, guid: 7db088e8264de1b4b80b2c9926210e8b, type: 3}
      propertyPath: m_Name
      value: Window (2)
      objectReference: {fileID: 0}
    m_RemovedComponents: []
  m_SourcePrefab: {fileID: 100100000, guid: 7db088e8264de1b4b80b2c9926210e8b, type: 3}
--- !u!4 &4584881141611841958 stripped
Transform:
  m_CorrespondingSourceObject: {fileID: 1646486547838758852, guid: 7db088e8264de1b4b80b2c9926210e8b, type: 3}
  m_PrefabInstance: {fileID: 2988626338158093922}
  m_PrefabAsset: {fileID: 0}
--- !u!1001 &3318257188883612823
PrefabInstance:
  m_ObjectHideFlags: 0
  serializedVersion: 2
  m_Modification:
    m_TransformParent: {fileID: 7574716261157454607}
    m_Modifications:
    - target: {fileID: 1646486547838758852, guid: 7db088e8264de1b4b80b2c9926210e8b, type: 3}
      propertyPath: m_RootOrder
      value: 9
      objectReference: {fileID: 0}
    - target: {fileID: 1646486547838758852, guid: 7db088e8264de1b4b80b2c9926210e8b, type: 3}
      propertyPath: m_LocalPosition.x
      value: 1.3209658
      objectReference: {fileID: 0}
    - target: {fileID: 1646486547838758852, guid: 7db088e8264de1b4b80b2c9926210e8b, type: 3}
      propertyPath: m_LocalPosition.y
      value: -2.1219347
      objectReference: {fileID: 0}
    - target: {fileID: 1646486547838758852, guid: 7db088e8264de1b4b80b2c9926210e8b, type: 3}
      propertyPath: m_LocalPosition.z
      value: 0.79679716
      objectReference: {fileID: 0}
    - target: {fileID: 1646486547838758852, guid: 7db088e8264de1b4b80b2c9926210e8b, type: 3}
      propertyPath: m_LocalRotation.w
      value: 0
      objectReference: {fileID: 0}
    - target: {fileID: 1646486547838758852, guid: 7db088e8264de1b4b80b2c9926210e8b, type: 3}
      propertyPath: m_LocalRotation.x
      value: -0
      objectReference: {fileID: 0}
    - target: {fileID: 1646486547838758852, guid: 7db088e8264de1b4b80b2c9926210e8b, type: 3}
      propertyPath: m_LocalRotation.y
      value: 1
      objectReference: {fileID: 0}
    - target: {fileID: 1646486547838758852, guid: 7db088e8264de1b4b80b2c9926210e8b, type: 3}
      propertyPath: m_LocalRotation.z
      value: -0
      objectReference: {fileID: 0}
    - target: {fileID: 1646486547838758852, guid: 7db088e8264de1b4b80b2c9926210e8b, type: 3}
      propertyPath: m_LocalEulerAnglesHint.x
      value: 0
      objectReference: {fileID: 0}
    - target: {fileID: 1646486547838758852, guid: 7db088e8264de1b4b80b2c9926210e8b, type: 3}
      propertyPath: m_LocalEulerAnglesHint.y
      value: 180
      objectReference: {fileID: 0}
    - target: {fileID: 1646486547838758852, guid: 7db088e8264de1b4b80b2c9926210e8b, type: 3}
      propertyPath: m_LocalEulerAnglesHint.z
      value: 0
      objectReference: {fileID: 0}
    - target: {fileID: 2279049564335504818, guid: 7db088e8264de1b4b80b2c9926210e8b, type: 3}
      propertyPath: m_Materials.Array.data[0]
      value: 
      objectReference: {fileID: 2100000, guid: 6ae6490b70f3640468864ecba2fcb1d3, type: 2}
    - target: {fileID: 2784110858746281016, guid: 7db088e8264de1b4b80b2c9926210e8b, type: 3}
      propertyPath: m_Materials.Array.data[0]
      value: 
      objectReference: {fileID: 2100000, guid: 6ae6490b70f3640468864ecba2fcb1d3, type: 2}
    - target: {fileID: 4355886491763523693, guid: 7db088e8264de1b4b80b2c9926210e8b, type: 3}
      propertyPath: m_Materials.Array.data[0]
      value: 
      objectReference: {fileID: 2100000, guid: 6ae6490b70f3640468864ecba2fcb1d3, type: 2}
    - target: {fileID: 4813633364342856650, guid: 7db088e8264de1b4b80b2c9926210e8b, type: 3}
      propertyPath: m_Materials.Array.data[0]
      value: 
      objectReference: {fileID: 2100000, guid: 6ae6490b70f3640468864ecba2fcb1d3, type: 2}
    - target: {fileID: 6197518814692626200, guid: 7db088e8264de1b4b80b2c9926210e8b, type: 3}
      propertyPath: m_Materials.Array.data[0]
      value: 
      objectReference: {fileID: 2100000, guid: 6ae6490b70f3640468864ecba2fcb1d3, type: 2}
    - target: {fileID: 8068984554407795134, guid: 7db088e8264de1b4b80b2c9926210e8b, type: 3}
      propertyPath: m_Materials.Array.data[0]
      value: 
      objectReference: {fileID: 2100000, guid: 6ae6490b70f3640468864ecba2fcb1d3, type: 2}
    - target: {fileID: 8422090105796393354, guid: 7db088e8264de1b4b80b2c9926210e8b, type: 3}
      propertyPath: m_Name
      value: Window (3)
      objectReference: {fileID: 0}
    m_RemovedComponents: []
  m_SourcePrefab: {fileID: 100100000, guid: 7db088e8264de1b4b80b2c9926210e8b, type: 3}
--- !u!4 &4095372536477920083 stripped
Transform:
  m_CorrespondingSourceObject: {fileID: 1646486547838758852, guid: 7db088e8264de1b4b80b2c9926210e8b, type: 3}
  m_PrefabInstance: {fileID: 3318257188883612823}
  m_PrefabAsset: {fileID: 0}
--- !u!1001 &4395675620645695807
PrefabInstance:
  m_ObjectHideFlags: 0
  serializedVersion: 2
  m_Modification:
    m_TransformParent: {fileID: 7574716261157454607}
    m_Modifications:
    - target: {fileID: 2685486505873541833, guid: eca7474922829f148b4529951e9d5c27, type: 3}
      propertyPath: m_RootOrder
      value: 11
      objectReference: {fileID: 0}
    - target: {fileID: 2685486505873541833, guid: eca7474922829f148b4529951e9d5c27, type: 3}
      propertyPath: m_LocalPosition.x
      value: 1.6889658
      objectReference: {fileID: 0}
    - target: {fileID: 2685486505873541833, guid: eca7474922829f148b4529951e9d5c27, type: 3}
      propertyPath: m_LocalPosition.y
      value: -2.1219347
      objectReference: {fileID: 0}
    - target: {fileID: 2685486505873541833, guid: eca7474922829f148b4529951e9d5c27, type: 3}
      propertyPath: m_LocalPosition.z
      value: 2.5737972
      objectReference: {fileID: 0}
    - target: {fileID: 2685486505873541833, guid: eca7474922829f148b4529951e9d5c27, type: 3}
      propertyPath: m_LocalRotation.w
      value: 1
      objectReference: {fileID: 0}
    - target: {fileID: 2685486505873541833, guid: eca7474922829f148b4529951e9d5c27, type: 3}
      propertyPath: m_LocalRotation.x
      value: -0
      objectReference: {fileID: 0}
    - target: {fileID: 2685486505873541833, guid: eca7474922829f148b4529951e9d5c27, type: 3}
      propertyPath: m_LocalRotation.y
      value: -0
      objectReference: {fileID: 0}
    - target: {fileID: 2685486505873541833, guid: eca7474922829f148b4529951e9d5c27, type: 3}
      propertyPath: m_LocalRotation.z
      value: -0
      objectReference: {fileID: 0}
    - target: {fileID: 2685486505873541833, guid: eca7474922829f148b4529951e9d5c27, type: 3}
      propertyPath: m_LocalEulerAnglesHint.x
      value: 0
      objectReference: {fileID: 0}
    - target: {fileID: 2685486505873541833, guid: eca7474922829f148b4529951e9d5c27, type: 3}
      propertyPath: m_LocalEulerAnglesHint.y
      value: 0
      objectReference: {fileID: 0}
    - target: {fileID: 2685486505873541833, guid: eca7474922829f148b4529951e9d5c27, type: 3}
      propertyPath: m_LocalEulerAnglesHint.z
      value: 0
      objectReference: {fileID: 0}
    - target: {fileID: 5151268193536482439, guid: eca7474922829f148b4529951e9d5c27, type: 3}
      propertyPath: m_Name
      value: Window (Pink)
      objectReference: {fileID: 0}
    m_RemovedComponents: []
  m_SourcePrefab: {fileID: 100100000, guid: eca7474922829f148b4529951e9d5c27, type: 3}
--- !u!4 &1748610583430495222 stripped
Transform:
  m_CorrespondingSourceObject: {fileID: 2685486505873541833, guid: eca7474922829f148b4529951e9d5c27, type: 3}
  m_PrefabInstance: {fileID: 4395675620645695807}
  m_PrefabAsset: {fileID: 0}
--- !u!1001 &5933155908478634086
PrefabInstance:
  m_ObjectHideFlags: 0
  serializedVersion: 2
  m_Modification:
    m_TransformParent: {fileID: 7574716261157454607}
    m_Modifications:
    - target: {fileID: 3654336803309725612, guid: e5de84e4f5756a84b9d9ce59c6c41b56, type: 3}
      propertyPath: m_Name
      value: Window (Orange)
      objectReference: {fileID: 0}
    - target: {fileID: 5804848998054998498, guid: e5de84e4f5756a84b9d9ce59c6c41b56, type: 3}
      propertyPath: m_RootOrder
      value: 7
      objectReference: {fileID: 0}
    - target: {fileID: 5804848998054998498, guid: e5de84e4f5756a84b9d9ce59c6c41b56, type: 3}
      propertyPath: m_LocalPosition.x
      value: 1.4409661
      objectReference: {fileID: 0}
    - target: {fileID: 5804848998054998498, guid: e5de84e4f5756a84b9d9ce59c6c41b56, type: 3}
      propertyPath: m_LocalPosition.y
      value: -2.1219347
      objectReference: {fileID: 0}
    - target: {fileID: 5804848998054998498, guid: e5de84e4f5756a84b9d9ce59c6c41b56, type: 3}
      propertyPath: m_LocalPosition.z
      value: 0.6837971
      objectReference: {fileID: 0}
    - target: {fileID: 5804848998054998498, guid: e5de84e4f5756a84b9d9ce59c6c41b56, type: 3}
      propertyPath: m_LocalRotation.w
      value: 0.7071068
      objectReference: {fileID: 0}
    - target: {fileID: 5804848998054998498, guid: e5de84e4f5756a84b9d9ce59c6c41b56, type: 3}
      propertyPath: m_LocalRotation.x
      value: -0
      objectReference: {fileID: 0}
    - target: {fileID: 5804848998054998498, guid: e5de84e4f5756a84b9d9ce59c6c41b56, type: 3}
      propertyPath: m_LocalRotation.y
      value: 0.7071068
      objectReference: {fileID: 0}
    - target: {fileID: 5804848998054998498, guid: e5de84e4f5756a84b9d9ce59c6c41b56, type: 3}
      propertyPath: m_LocalRotation.z
      value: -0
      objectReference: {fileID: 0}
    - target: {fileID: 5804848998054998498, guid: e5de84e4f5756a84b9d9ce59c6c41b56, type: 3}
      propertyPath: m_LocalEulerAnglesHint.x
      value: 0
      objectReference: {fileID: 0}
    - target: {fileID: 5804848998054998498, guid: e5de84e4f5756a84b9d9ce59c6c41b56, type: 3}
      propertyPath: m_LocalEulerAnglesHint.y
      value: 90
      objectReference: {fileID: 0}
    - target: {fileID: 5804848998054998498, guid: e5de84e4f5756a84b9d9ce59c6c41b56, type: 3}
      propertyPath: m_LocalEulerAnglesHint.z
      value: 0
      objectReference: {fileID: 0}
    m_RemovedComponents: []
  m_SourcePrefab: {fileID: 100100000, guid: e5de84e4f5756a84b9d9ce59c6c41b56, type: 3}
--- !u!4 &204978334629149060 stripped
Transform:
  m_CorrespondingSourceObject: {fileID: 5804848998054998498, guid: e5de84e4f5756a84b9d9ce59c6c41b56, type: 3}
  m_PrefabInstance: {fileID: 5933155908478634086}
  m_PrefabAsset: {fileID: 0}
--- !u!1001 &8031797524261921266
PrefabInstance:
  m_ObjectHideFlags: 0
  serializedVersion: 2
  m_Modification:
    m_TransformParent: {fileID: 7574716261157454607}
    m_Modifications:
    - target: {fileID: 1646486547838758852, guid: 7db088e8264de1b4b80b2c9926210e8b, type: 3}
      propertyPath: m_RootOrder
      value: 6
      objectReference: {fileID: 0}
    - target: {fileID: 1646486547838758852, guid: 7db088e8264de1b4b80b2c9926210e8b, type: 3}
      propertyPath: m_LocalPosition.x
      value: -3.1390338
      objectReference: {fileID: 0}
    - target: {fileID: 1646486547838758852, guid: 7db088e8264de1b4b80b2c9926210e8b, type: 3}
      propertyPath: m_LocalPosition.y
      value: -2.1219347
      objectReference: {fileID: 0}
    - target: {fileID: 1646486547838758852, guid: 7db088e8264de1b4b80b2c9926210e8b, type: 3}
      propertyPath: m_LocalPosition.z
      value: 2.4847972
      objectReference: {fileID: 0}
    - target: {fileID: 1646486547838758852, guid: 7db088e8264de1b4b80b2c9926210e8b, type: 3}
      propertyPath: m_LocalRotation.w
      value: 0.7071068
      objectReference: {fileID: 0}
    - target: {fileID: 1646486547838758852, guid: 7db088e8264de1b4b80b2c9926210e8b, type: 3}
      propertyPath: m_LocalRotation.x
      value: -0
      objectReference: {fileID: 0}
    - target: {fileID: 1646486547838758852, guid: 7db088e8264de1b4b80b2c9926210e8b, type: 3}
      propertyPath: m_LocalRotation.y
      value: 0.7071068
      objectReference: {fileID: 0}
    - target: {fileID: 1646486547838758852, guid: 7db088e8264de1b4b80b2c9926210e8b, type: 3}
      propertyPath: m_LocalRotation.z
      value: -0
      objectReference: {fileID: 0}
    - target: {fileID: 1646486547838758852, guid: 7db088e8264de1b4b80b2c9926210e8b, type: 3}
      propertyPath: m_LocalEulerAnglesHint.x
      value: 0
      objectReference: {fileID: 0}
    - target: {fileID: 1646486547838758852, guid: 7db088e8264de1b4b80b2c9926210e8b, type: 3}
      propertyPath: m_LocalEulerAnglesHint.y
      value: 90
      objectReference: {fileID: 0}
    - target: {fileID: 1646486547838758852, guid: 7db088e8264de1b4b80b2c9926210e8b, type: 3}
      propertyPath: m_LocalEulerAnglesHint.z
      value: 0
      objectReference: {fileID: 0}
    - target: {fileID: 2279049564335504818, guid: 7db088e8264de1b4b80b2c9926210e8b, type: 3}
      propertyPath: m_Materials.Array.data[0]
      value: 
      objectReference: {fileID: 2100000, guid: 6ae6490b70f3640468864ecba2fcb1d3, type: 2}
    - target: {fileID: 2784110858746281016, guid: 7db088e8264de1b4b80b2c9926210e8b, type: 3}
      propertyPath: m_Materials.Array.data[0]
      value: 
      objectReference: {fileID: 2100000, guid: 6ae6490b70f3640468864ecba2fcb1d3, type: 2}
    - target: {fileID: 4355886491763523693, guid: 7db088e8264de1b4b80b2c9926210e8b, type: 3}
      propertyPath: m_Materials.Array.data[0]
      value: 
      objectReference: {fileID: 2100000, guid: 6ae6490b70f3640468864ecba2fcb1d3, type: 2}
    - target: {fileID: 4813633364342856650, guid: 7db088e8264de1b4b80b2c9926210e8b, type: 3}
      propertyPath: m_Materials.Array.data[0]
      value: 
      objectReference: {fileID: 2100000, guid: 6ae6490b70f3640468864ecba2fcb1d3, type: 2}
    - target: {fileID: 6197518814692626200, guid: 7db088e8264de1b4b80b2c9926210e8b, type: 3}
      propertyPath: m_Materials.Array.data[0]
      value: 
      objectReference: {fileID: 2100000, guid: 6ae6490b70f3640468864ecba2fcb1d3, type: 2}
    - target: {fileID: 8068984554407795134, guid: 7db088e8264de1b4b80b2c9926210e8b, type: 3}
      propertyPath: m_Materials.Array.data[0]
      value: 
      objectReference: {fileID: 2100000, guid: 6ae6490b70f3640468864ecba2fcb1d3, type: 2}
    - target: {fileID: 8422090105796393354, guid: 7db088e8264de1b4b80b2c9926210e8b, type: 3}
      propertyPath: m_Name
      value: Window (1)
      objectReference: {fileID: 0}
    m_RemovedComponents: []
  m_SourcePrefab: {fileID: 100100000, guid: 7db088e8264de1b4b80b2c9926210e8b, type: 3}
--- !u!4 &8768459554646986294 stripped
Transform:
  m_CorrespondingSourceObject: {fileID: 1646486547838758852, guid: 7db088e8264de1b4b80b2c9926210e8b, type: 3}
  m_PrefabInstance: {fileID: 8031797524261921266}
  m_PrefabAsset: {fileID: 0}
--- !u!1001 &8973654719844352937
PrefabInstance:
  m_ObjectHideFlags: 0
  serializedVersion: 2
  m_Modification:
    m_TransformParent: {fileID: 7574716261157454607}
    m_Modifications:
    - target: {fileID: 1646486547838758852, guid: 7db088e8264de1b4b80b2c9926210e8b, type: 3}
      propertyPath: m_RootOrder
      value: 10
      objectReference: {fileID: 0}
    - target: {fileID: 1646486547838758852, guid: 7db088e8264de1b4b80b2c9926210e8b, type: 3}
      propertyPath: m_LocalPosition.x
      value: -0.48175955
      objectReference: {fileID: 0}
    - target: {fileID: 1646486547838758852, guid: 7db088e8264de1b4b80b2c9926210e8b, type: 3}
      propertyPath: m_LocalPosition.y
      value: -2.1219347
      objectReference: {fileID: 0}
    - target: {fileID: 1646486547838758852, guid: 7db088e8264de1b4b80b2c9926210e8b, type: 3}
      propertyPath: m_LocalPosition.z
      value: 0.7653376
      objectReference: {fileID: 0}
    - target: {fileID: 1646486547838758852, guid: 7db088e8264de1b4b80b2c9926210e8b, type: 3}
      propertyPath: m_LocalRotation.w
      value: 0
      objectReference: {fileID: 0}
    - target: {fileID: 1646486547838758852, guid: 7db088e8264de1b4b80b2c9926210e8b, type: 3}
      propertyPath: m_LocalRotation.x
      value: -0
      objectReference: {fileID: 0}
    - target: {fileID: 1646486547838758852, guid: 7db088e8264de1b4b80b2c9926210e8b, type: 3}
      propertyPath: m_LocalRotation.y
      value: 1
      objectReference: {fileID: 0}
    - target: {fileID: 1646486547838758852, guid: 7db088e8264de1b4b80b2c9926210e8b, type: 3}
      propertyPath: m_LocalRotation.z
      value: -0
      objectReference: {fileID: 0}
    - target: {fileID: 1646486547838758852, guid: 7db088e8264de1b4b80b2c9926210e8b, type: 3}
      propertyPath: m_LocalEulerAnglesHint.x
      value: 0
      objectReference: {fileID: 0}
    - target: {fileID: 1646486547838758852, guid: 7db088e8264de1b4b80b2c9926210e8b, type: 3}
      propertyPath: m_LocalEulerAnglesHint.y
      value: 180
      objectReference: {fileID: 0}
    - target: {fileID: 1646486547838758852, guid: 7db088e8264de1b4b80b2c9926210e8b, type: 3}
      propertyPath: m_LocalEulerAnglesHint.z
      value: 0
      objectReference: {fileID: 0}
    - target: {fileID: 2279049564335504818, guid: 7db088e8264de1b4b80b2c9926210e8b, type: 3}
      propertyPath: m_Materials.Array.data[0]
      value: 
      objectReference: {fileID: 2100000, guid: 6ae6490b70f3640468864ecba2fcb1d3, type: 2}
    - target: {fileID: 2625327608391353199, guid: 7db088e8264de1b4b80b2c9926210e8b, type: 3}
      propertyPath: m_Materials.Array.data[0]
      value: 
      objectReference: {fileID: 2100000, guid: f741fdb4c75afe34ca399dabbe496df8, type: 2}
    - target: {fileID: 2784110858746281016, guid: 7db088e8264de1b4b80b2c9926210e8b, type: 3}
      propertyPath: m_Materials.Array.data[0]
      value: 
      objectReference: {fileID: 2100000, guid: 6ae6490b70f3640468864ecba2fcb1d3, type: 2}
    - target: {fileID: 4355886491763523693, guid: 7db088e8264de1b4b80b2c9926210e8b, type: 3}
      propertyPath: m_Materials.Array.data[0]
      value: 
      objectReference: {fileID: 2100000, guid: 6ae6490b70f3640468864ecba2fcb1d3, type: 2}
    - target: {fileID: 4813633364342856650, guid: 7db088e8264de1b4b80b2c9926210e8b, type: 3}
      propertyPath: m_Materials.Array.data[0]
      value: 
      objectReference: {fileID: 2100000, guid: 6ae6490b70f3640468864ecba2fcb1d3, type: 2}
    - target: {fileID: 6197518814692626200, guid: 7db088e8264de1b4b80b2c9926210e8b, type: 3}
      propertyPath: m_Materials.Array.data[0]
      value: 
      objectReference: {fileID: 2100000, guid: 6ae6490b70f3640468864ecba2fcb1d3, type: 2}
    - target: {fileID: 8068984554407795134, guid: 7db088e8264de1b4b80b2c9926210e8b, type: 3}
      propertyPath: m_Materials.Array.data[0]
      value: 
      objectReference: {fileID: 2100000, guid: 6ae6490b70f3640468864ecba2fcb1d3, type: 2}
    - target: {fileID: 8422090105796393354, guid: 7db088e8264de1b4b80b2c9926210e8b, type: 3}
      propertyPath: m_Name
      value: Window (Orange) (1)
      objectReference: {fileID: 0}
    m_RemovedComponents: []
  m_SourcePrefab: {fileID: 100100000, guid: 7db088e8264de1b4b80b2c9926210e8b, type: 3}
--- !u!4 &7661095373539634285 stripped
Transform:
  m_CorrespondingSourceObject: {fileID: 1646486547838758852, guid: 7db088e8264de1b4b80b2c9926210e8b, type: 3}
  m_PrefabInstance: {fileID: 8973654719844352937}
  m_PrefabAsset: {fileID: 0}
