%YAML 1.1
%TAG !u! tag:unity3d.com,2011:
--- !u!1 &97477033193227028
GameObject:
  m_ObjectHideFlags: 0
  m_CorrespondingSourceObject: {fileID: 0}
  m_PrefabInstance: {fileID: 0}
  m_PrefabAsset: {fileID: 0}
  serializedVersion: 6
  m_Component:
  - component: {fileID: 4645399606756359358}
  - component: {fileID: 305262495712540327}
  - component: {fileID: 989188189034820839}
  - component: {fileID: 8076751382228894773}
  m_Layer: 0
  m_Name: Wall (2)
  m_TagString: Untagged
  m_Icon: {fileID: 0}
  m_NavMeshLayer: 0
  m_StaticEditorFlags: 0
  m_IsActive: 1
--- !u!4 &4645399606756359358
Transform:
  m_ObjectHideFlags: 0
  m_CorrespondingSourceObject: {fileID: 0}
  m_PrefabInstance: {fileID: 0}
  m_PrefabAsset: {fileID: 0}
  m_GameObject: {fileID: 97477033193227028}
  m_LocalRotation: {x: -0, y: -0.7071068, z: -0, w: 0.7071068}
  m_LocalPosition: {x: 0.44096613, y: -1.6792883, z: -0.47620273}
  m_LocalScale: {x: 0.12499, y: 1.5403, z: 4.4}
  m_Children: []
  m_Father: {fileID: 3689092040866130615}
  m_RootOrder: 2
  m_LocalEulerAnglesHint: {x: 0, y: -90, z: 0}
--- !u!33 &305262495712540327
MeshFilter:
  m_ObjectHideFlags: 0
  m_CorrespondingSourceObject: {fileID: 0}
  m_PrefabInstance: {fileID: 0}
  m_PrefabAsset: {fileID: 0}
  m_GameObject: {fileID: 97477033193227028}
  m_Mesh: {fileID: 10202, guid: 0000000000000000e000000000000000, type: 0}
--- !u!23 &989188189034820839
MeshRenderer:
  m_ObjectHideFlags: 0
  m_CorrespondingSourceObject: {fileID: 0}
  m_PrefabInstance: {fileID: 0}
  m_PrefabAsset: {fileID: 0}
  m_GameObject: {fileID: 97477033193227028}
  m_Enabled: 1
  m_CastShadows: 1
  m_ReceiveShadows: 1
  m_DynamicOccludee: 1
  m_MotionVectors: 1
  m_LightProbeUsage: 1
  m_ReflectionProbeUsage: 1
  m_RayTracingMode: 2
  m_RayTraceProcedural: 0
  m_RenderingLayerMask: 1
  m_RendererPriority: 0
  m_Materials:
  - {fileID: 10303, guid: 0000000000000000f000000000000000, type: 0}
  m_StaticBatchInfo:
    firstSubMesh: 0
    subMeshCount: 0
  m_StaticBatchRoot: {fileID: 0}
  m_ProbeAnchor: {fileID: 0}
  m_LightProbeVolumeOverride: {fileID: 0}
  m_ScaleInLightmap: 1
  m_ReceiveGI: 1
  m_PreserveUVs: 0
  m_IgnoreNormalsForChartDetection: 0
  m_ImportantGI: 0
  m_StitchLightmapSeams: 1
  m_SelectedEditorRenderState: 3
  m_MinimumChartSize: 4
  m_AutoUVMaxDistance: 0.5
  m_AutoUVMaxAngle: 89
  m_LightmapParameters: {fileID: 0}
  m_SortingLayerID: 0
  m_SortingLayer: 0
  m_SortingOrder: 0
  m_AdditionalVertexStreams: {fileID: 0}
--- !u!65 &8076751382228894773
BoxCollider:
  m_ObjectHideFlags: 0
  m_CorrespondingSourceObject: {fileID: 0}
  m_PrefabInstance: {fileID: 0}
  m_PrefabAsset: {fileID: 0}
  m_GameObject: {fileID: 97477033193227028}
  m_Material: {fileID: 0}
  m_IsTrigger: 0
  m_Enabled: 1
  serializedVersion: 2
  m_Size: {x: 1, y: 1, z: 1}
  m_Center: {x: 0, y: 0, z: 0}
--- !u!1 &349105555110638239
GameObject:
  m_ObjectHideFlags: 0
  m_CorrespondingSourceObject: {fileID: 0}
  m_PrefabInstance: {fileID: 0}
  m_PrefabAsset: {fileID: 0}
  serializedVersion: 6
  m_Component:
  - component: {fileID: 8470552427931186541}
  - component: {fileID: 1128769682122027875}
  - component: {fileID: 1237002872099457107}
  - component: {fileID: 1798227623543577313}
  m_Layer: 0
  m_Name: Wall (3)
  m_TagString: Untagged
  m_Icon: {fileID: 0}
  m_NavMeshLayer: 0
  m_StaticEditorFlags: 0
  m_IsActive: 1
--- !u!4 &8470552427931186541
Transform:
  m_ObjectHideFlags: 0
  m_CorrespondingSourceObject: {fileID: 0}
  m_PrefabInstance: {fileID: 0}
  m_PrefabAsset: {fileID: 0}
  m_GameObject: {fileID: 349105555110638239}
  m_LocalRotation: {x: -0, y: -0.7071068, z: -0, w: 0.7071068}
  m_LocalPosition: {x: 0.44096613, y: -1.6792883, z: 3.805797}
  m_LocalScale: {x: 0.12499, y: 1.5403, z: 4.4}
  m_Children: []
  m_Father: {fileID: 3689092040866130615}
  m_RootOrder: 3
  m_LocalEulerAnglesHint: {x: 0, y: -90, z: 0}
--- !u!33 &1128769682122027875
MeshFilter:
  m_ObjectHideFlags: 0
  m_CorrespondingSourceObject: {fileID: 0}
  m_PrefabInstance: {fileID: 0}
  m_PrefabAsset: {fileID: 0}
  m_GameObject: {fileID: 349105555110638239}
  m_Mesh: {fileID: 10202, guid: 0000000000000000e000000000000000, type: 0}
--- !u!23 &1237002872099457107
MeshRenderer:
  m_ObjectHideFlags: 0
  m_CorrespondingSourceObject: {fileID: 0}
  m_PrefabInstance: {fileID: 0}
  m_PrefabAsset: {fileID: 0}
  m_GameObject: {fileID: 349105555110638239}
  m_Enabled: 1
  m_CastShadows: 1
  m_ReceiveShadows: 1
  m_DynamicOccludee: 1
  m_MotionVectors: 1
  m_LightProbeUsage: 1
  m_ReflectionProbeUsage: 1
  m_RayTracingMode: 2
  m_RayTraceProcedural: 0
  m_RenderingLayerMask: 1
  m_RendererPriority: 0
  m_Materials:
  - {fileID: 10303, guid: 0000000000000000f000000000000000, type: 0}
  m_StaticBatchInfo:
    firstSubMesh: 0
    subMeshCount: 0
  m_StaticBatchRoot: {fileID: 0}
  m_ProbeAnchor: {fileID: 0}
  m_LightProbeVolumeOverride: {fileID: 0}
  m_ScaleInLightmap: 1
  m_ReceiveGI: 1
  m_PreserveUVs: 0
  m_IgnoreNormalsForChartDetection: 0
  m_ImportantGI: 0
  m_StitchLightmapSeams: 1
  m_SelectedEditorRenderState: 3
  m_MinimumChartSize: 4
  m_AutoUVMaxDistance: 0.5
  m_AutoUVMaxAngle: 89
  m_LightmapParameters: {fileID: 0}
  m_SortingLayerID: 0
  m_SortingLayer: 0
  m_SortingOrder: 0
  m_AdditionalVertexStreams: {fileID: 0}
--- !u!65 &1798227623543577313
BoxCollider:
  m_ObjectHideFlags: 0
  m_CorrespondingSourceObject: {fileID: 0}
  m_PrefabInstance: {fileID: 0}
  m_PrefabAsset: {fileID: 0}
  m_GameObject: {fileID: 349105555110638239}
  m_Material: {fileID: 0}
  m_IsTrigger: 0
  m_Enabled: 1
  serializedVersion: 2
  m_Size: {x: 1, y: 1, z: 1}
  m_Center: {x: 0, y: 0, z: 0}
--- !u!1 &825103495035703947
GameObject:
  m_ObjectHideFlags: 0
  m_CorrespondingSourceObject: {fileID: 0}
  m_PrefabInstance: {fileID: 0}
  m_PrefabAsset: {fileID: 0}
  serializedVersion: 6
  m_Component:
  - component: {fileID: 437291184829588506}
  - component: {fileID: 1591352784233864110}
  - component: {fileID: 152463824668856551}
  - component: {fileID: 6099009913912271842}
  m_Layer: 0
  m_Name: Wall (5)
  m_TagString: Untagged
  m_Icon: {fileID: 0}
  m_NavMeshLayer: 0
  m_StaticEditorFlags: 0
  m_IsActive: 1
--- !u!4 &437291184829588506
Transform:
  m_ObjectHideFlags: 0
  m_CorrespondingSourceObject: {fileID: 0}
  m_PrefabInstance: {fileID: 0}
  m_PrefabAsset: {fileID: 0}
  m_GameObject: {fileID: 825103495035703947}
  m_LocalRotation: {x: 0.5, y: -0.5, z: -0.5, w: 0.5}
  m_LocalPosition: {x: 0.44096613, y: -0.97, z: 1.6867971}
  m_LocalScale: {x: 0.12499, y: 4.201697, z: 4.4}
  m_Children: []
  m_Father: {fileID: 3689092040866130615}
  m_RootOrder: 12
  m_LocalEulerAnglesHint: {x: 0, y: -90, z: -90}
--- !u!33 &1591352784233864110
MeshFilter:
  m_ObjectHideFlags: 0
  m_CorrespondingSourceObject: {fileID: 0}
  m_PrefabInstance: {fileID: 0}
  m_PrefabAsset: {fileID: 0}
  m_GameObject: {fileID: 825103495035703947}
  m_Mesh: {fileID: 10202, guid: 0000000000000000e000000000000000, type: 0}
--- !u!23 &152463824668856551
MeshRenderer:
  m_ObjectHideFlags: 0
  m_CorrespondingSourceObject: {fileID: 0}
  m_PrefabInstance: {fileID: 0}
  m_PrefabAsset: {fileID: 0}
  m_GameObject: {fileID: 825103495035703947}
  m_Enabled: 1
  m_CastShadows: 1
  m_ReceiveShadows: 1
  m_DynamicOccludee: 1
  m_MotionVectors: 1
  m_LightProbeUsage: 1
  m_ReflectionProbeUsage: 1
  m_RayTracingMode: 2
  m_RayTraceProcedural: 0
  m_RenderingLayerMask: 1
  m_RendererPriority: 0
  m_Materials:
  - {fileID: 10303, guid: 0000000000000000f000000000000000, type: 0}
  m_StaticBatchInfo:
    firstSubMesh: 0
    subMeshCount: 0
  m_StaticBatchRoot: {fileID: 0}
  m_ProbeAnchor: {fileID: 0}
  m_LightProbeVolumeOverride: {fileID: 0}
  m_ScaleInLightmap: 1
  m_ReceiveGI: 1
  m_PreserveUVs: 0
  m_IgnoreNormalsForChartDetection: 0
  m_ImportantGI: 0
  m_StitchLightmapSeams: 1
  m_SelectedEditorRenderState: 3
  m_MinimumChartSize: 4
  m_AutoUVMaxDistance: 0.5
  m_AutoUVMaxAngle: 89
  m_LightmapParameters: {fileID: 0}
  m_SortingLayerID: 0
  m_SortingLayer: 0
  m_SortingOrder: 0
  m_AdditionalVertexStreams: {fileID: 0}
--- !u!65 &6099009913912271842
BoxCollider:
  m_ObjectHideFlags: 0
  m_CorrespondingSourceObject: {fileID: 0}
  m_PrefabInstance: {fileID: 0}
  m_PrefabAsset: {fileID: 0}
  m_GameObject: {fileID: 825103495035703947}
  m_Material: {fileID: 0}
  m_IsTrigger: 0
  m_Enabled: 1
  serializedVersion: 2
  m_Size: {x: 1, y: 1, z: 1}
  m_Center: {x: 0, y: 0, z: 0}
--- !u!1 &892694446037402850
GameObject:
  m_ObjectHideFlags: 0
  m_CorrespondingSourceObject: {fileID: 0}
  m_PrefabInstance: {fileID: 0}
  m_PrefabAsset: {fileID: 0}
  serializedVersion: 6
  m_Component:
  - component: {fileID: 8928667221590367960}
  - component: {fileID: 1491748524053812425}
  - component: {fileID: 1542742672329811306}
  - component: {fileID: 4687344764687592326}
  m_Layer: 0
  m_Name: Wall
  m_TagString: Untagged
  m_Icon: {fileID: 0}
  m_NavMeshLayer: 0
  m_StaticEditorFlags: 0
  m_IsActive: 1
--- !u!4 &8928667221590367960
Transform:
  m_ObjectHideFlags: 0
  m_CorrespondingSourceObject: {fileID: 0}
  m_PrefabInstance: {fileID: 0}
  m_PrefabAsset: {fileID: 0}
  m_GameObject: {fileID: 892694446037402850}
  m_LocalRotation: {x: -0, y: -0, z: -0, w: 1}
  m_LocalPosition: {x: 2.6709664, y: -1.6792883, z: 1.6667972}
  m_LocalScale: {x: 0.12499, y: 1.5403, z: 4.4}
  m_Children: []
  m_Father: {fileID: 3689092040866130615}
  m_RootOrder: 0
  m_LocalEulerAnglesHint: {x: 0, y: 0, z: 0}
--- !u!33 &1491748524053812425
MeshFilter:
  m_ObjectHideFlags: 0
  m_CorrespondingSourceObject: {fileID: 0}
  m_PrefabInstance: {fileID: 0}
  m_PrefabAsset: {fileID: 0}
  m_GameObject: {fileID: 892694446037402850}
  m_Mesh: {fileID: 10202, guid: 0000000000000000e000000000000000, type: 0}
--- !u!23 &1542742672329811306
MeshRenderer:
  m_ObjectHideFlags: 0
  m_CorrespondingSourceObject: {fileID: 0}
  m_PrefabInstance: {fileID: 0}
  m_PrefabAsset: {fileID: 0}
  m_GameObject: {fileID: 892694446037402850}
  m_Enabled: 1
  m_CastShadows: 1
  m_ReceiveShadows: 1
  m_DynamicOccludee: 1
  m_MotionVectors: 1
  m_LightProbeUsage: 1
  m_ReflectionProbeUsage: 1
  m_RayTracingMode: 2
  m_RayTraceProcedural: 0
  m_RenderingLayerMask: 1
  m_RendererPriority: 0
  m_Materials:
  - {fileID: 10303, guid: 0000000000000000f000000000000000, type: 0}
  m_StaticBatchInfo:
    firstSubMesh: 0
    subMeshCount: 0
  m_StaticBatchRoot: {fileID: 0}
  m_ProbeAnchor: {fileID: 0}
  m_LightProbeVolumeOverride: {fileID: 0}
  m_ScaleInLightmap: 1
  m_ReceiveGI: 1
  m_PreserveUVs: 0
  m_IgnoreNormalsForChartDetection: 0
  m_ImportantGI: 0
  m_StitchLightmapSeams: 1
  m_SelectedEditorRenderState: 3
  m_MinimumChartSize: 4
  m_AutoUVMaxDistance: 0.5
  m_AutoUVMaxAngle: 89
  m_LightmapParameters: {fileID: 0}
  m_SortingLayerID: 0
  m_SortingLayer: 0
  m_SortingOrder: 0
  m_AdditionalVertexStreams: {fileID: 0}
--- !u!65 &4687344764687592326
BoxCollider:
  m_ObjectHideFlags: 0
  m_CorrespondingSourceObject: {fileID: 0}
  m_PrefabInstance: {fileID: 0}
  m_PrefabAsset: {fileID: 0}
  m_GameObject: {fileID: 892694446037402850}
  m_Material: {fileID: 0}
  m_IsTrigger: 0
  m_Enabled: 1
  serializedVersion: 2
  m_Size: {x: 1, y: 1, z: 1}
  m_Center: {x: 0, y: 0, z: 0}
--- !u!1 &5419785605935980383
GameObject:
  m_ObjectHideFlags: 0
  m_CorrespondingSourceObject: {fileID: 0}
  m_PrefabInstance: {fileID: 0}
  m_PrefabAsset: {fileID: 0}
  serializedVersion: 6
  m_Component:
  - component: {fileID: 3689092040866130615}
  m_Layer: 0
  m_Name: Second Floor
  m_TagString: Untagged
  m_Icon: {fileID: 0}
  m_NavMeshLayer: 0
  m_StaticEditorFlags: 0
  m_IsActive: 1
--- !u!4 &3689092040866130615
Transform:
  m_ObjectHideFlags: 0
  m_CorrespondingSourceObject: {fileID: 0}
  m_PrefabInstance: {fileID: 0}
  m_PrefabAsset: {fileID: 0}
  m_GameObject: {fileID: 5419785605935980383}
  m_LocalRotation: {x: 0, y: 0, z: 0, w: 1}
  m_LocalPosition: {x: 0, y: 4.12, z: 0}
  m_LocalScale: {x: 1, y: 1, z: 1}
  m_Children:
  - {fileID: 8928667221590367960}
  - {fileID: 2431982350637023229}
  - {fileID: 4645399606756359358}
  - {fileID: 8470552427931186541}
  - {fileID: 4763512858720933580}
  - {fileID: 4768339493995535135}
  - {fileID: 2558984006095644558}
  - {fileID: 6409958525830238268}
  - {fileID: 7317294960880443422}
  - {fileID: 7131778194306859755}
  - {fileID: 3493993150397433301}
  - {fileID: 4785309811136614990}
  - {fileID: 437291184829588506}
  m_Father: {fileID: 0}
  m_RootOrder: 0
  m_LocalEulerAnglesHint: {x: 0, y: 0, z: 0}
--- !u!1 &7716219555416304504
GameObject:
  m_ObjectHideFlags: 0
  m_CorrespondingSourceObject: {fileID: 0}
  m_PrefabInstance: {fileID: 0}
  m_PrefabAsset: {fileID: 0}
  serializedVersion: 6
  m_Component:
  - component: {fileID: 2431982350637023229}
  - component: {fileID: 7348029688871763510}
  - component: {fileID: 284104438114742503}
  - component: {fileID: 3569083395175161008}
  m_Layer: 0
  m_Name: Wall (1)
  m_TagString: Untagged
  m_Icon: {fileID: 0}
  m_NavMeshLayer: 0
  m_StaticEditorFlags: 0
  m_IsActive: 1
--- !u!4 &2431982350637023229
Transform:
  m_ObjectHideFlags: 0
  m_CorrespondingSourceObject: {fileID: 0}
  m_PrefabInstance: {fileID: 0}
  m_PrefabAsset: {fileID: 0}
  m_GameObject: {fileID: 7716219555416304504}
  m_LocalRotation: {x: -0, y: -0, z: -0, w: 1}
  m_LocalPosition: {x: -1.729034, y: -1.6792883, z: 1.6667972}
  m_LocalScale: {x: 0.12499, y: 1.5403, z: 4.4}
  m_Children: []
  m_Father: {fileID: 3689092040866130615}
  m_RootOrder: 1
  m_LocalEulerAnglesHint: {x: 0, y: 0, z: 0}
--- !u!33 &7348029688871763510
MeshFilter:
  m_ObjectHideFlags: 0
  m_CorrespondingSourceObject: {fileID: 0}
  m_PrefabInstance: {fileID: 0}
  m_PrefabAsset: {fileID: 0}
  m_GameObject: {fileID: 7716219555416304504}
  m_Mesh: {fileID: 10202, guid: 0000000000000000e000000000000000, type: 0}
--- !u!23 &284104438114742503
MeshRenderer:
  m_ObjectHideFlags: 0
  m_CorrespondingSourceObject: {fileID: 0}
  m_PrefabInstance: {fileID: 0}
  m_PrefabAsset: {fileID: 0}
  m_GameObject: {fileID: 7716219555416304504}
  m_Enabled: 1
  m_CastShadows: 1
  m_ReceiveShadows: 1
  m_DynamicOccludee: 1
  m_MotionVectors: 1
  m_LightProbeUsage: 1
  m_ReflectionProbeUsage: 1
  m_RayTracingMode: 2
  m_RayTraceProcedural: 0
  m_RenderingLayerMask: 1
  m_RendererPriority: 0
  m_Materials:
  - {fileID: 10303, guid: 0000000000000000f000000000000000, type: 0}
  m_StaticBatchInfo:
    firstSubMesh: 0
    subMeshCount: 0
  m_StaticBatchRoot: {fileID: 0}
  m_ProbeAnchor: {fileID: 0}
  m_LightProbeVolumeOverride: {fileID: 0}
  m_ScaleInLightmap: 1
  m_ReceiveGI: 1
  m_PreserveUVs: 0
  m_IgnoreNormalsForChartDetection: 0
  m_ImportantGI: 0
  m_StitchLightmapSeams: 1
  m_SelectedEditorRenderState: 3
  m_MinimumChartSize: 4
  m_AutoUVMaxDistance: 0.5
  m_AutoUVMaxAngle: 89
  m_LightmapParameters: {fileID: 0}
  m_SortingLayerID: 0
  m_SortingLayer: 0
  m_SortingOrder: 0
  m_AdditionalVertexStreams: {fileID: 0}
--- !u!65 &3569083395175161008
BoxCollider:
  m_ObjectHideFlags: 0
  m_CorrespondingSourceObject: {fileID: 0}
  m_PrefabInstance: {fileID: 0}
  m_PrefabAsset: {fileID: 0}
  m_GameObject: {fileID: 7716219555416304504}
  m_Material: {fileID: 0}
  m_IsTrigger: 0
  m_Enabled: 1
  serializedVersion: 2
  m_Size: {x: 1, y: 1, z: 1}
  m_Center: {x: 0, y: 0, z: 0}
--- !u!1 &7889981101673862630
GameObject:
  m_ObjectHideFlags: 0
  m_CorrespondingSourceObject: {fileID: 0}
  m_PrefabInstance: {fileID: 0}
  m_PrefabAsset: {fileID: 0}
  serializedVersion: 6
  m_Component:
  - component: {fileID: 4763512858720933580}
  - component: {fileID: 5153504585776323878}
  - component: {fileID: 8148179269243095183}
  - component: {fileID: 1356614021629576858}
  m_Layer: 0
  m_Name: Wall (4)
  m_TagString: Untagged
  m_Icon: {fileID: 0}
  m_NavMeshLayer: 0
  m_StaticEditorFlags: 0
  m_IsActive: 1
--- !u!4 &4763512858720933580
Transform:
  m_ObjectHideFlags: 0
  m_CorrespondingSourceObject: {fileID: 0}
  m_PrefabInstance: {fileID: 0}
  m_PrefabAsset: {fileID: 0}
  m_GameObject: {fileID: 7889981101673862630}
  m_LocalRotation: {x: 0.5, y: -0.5, z: -0.5, w: 0.5}
  m_LocalPosition: {x: 0.44096613, y: -2.3879347, z: 1.6867971}
  m_LocalScale: {x: 0.12499, y: 4.201697, z: 4.4}
  m_Children: []
  m_Father: {fileID: 3689092040866130615}
  m_RootOrder: 4
  m_LocalEulerAnglesHint: {x: 0, y: -90, z: -90}
--- !u!33 &5153504585776323878
MeshFilter:
  m_ObjectHideFlags: 0
  m_CorrespondingSourceObject: {fileID: 0}
  m_PrefabInstance: {fileID: 0}
  m_PrefabAsset: {fileID: 0}
  m_GameObject: {fileID: 7889981101673862630}
  m_Mesh: {fileID: 10202, guid: 0000000000000000e000000000000000, type: 0}
--- !u!23 &8148179269243095183
MeshRenderer:
  m_ObjectHideFlags: 0
  m_CorrespondingSourceObject: {fileID: 0}
  m_PrefabInstance: {fileID: 0}
  m_PrefabAsset: {fileID: 0}
  m_GameObject: {fileID: 7889981101673862630}
  m_Enabled: 1
  m_CastShadows: 1
  m_ReceiveShadows: 1
  m_DynamicOccludee: 1
  m_MotionVectors: 1
  m_LightProbeUsage: 1
  m_ReflectionProbeUsage: 1
  m_RayTracingMode: 2
  m_RayTraceProcedural: 0
  m_RenderingLayerMask: 1
  m_RendererPriority: 0
  m_Materials:
  - {fileID: 10303, guid: 0000000000000000f000000000000000, type: 0}
  m_StaticBatchInfo:
    firstSubMesh: 0
    subMeshCount: 0
  m_StaticBatchRoot: {fileID: 0}
  m_ProbeAnchor: {fileID: 0}
  m_LightProbeVolumeOverride: {fileID: 0}
  m_ScaleInLightmap: 1
  m_ReceiveGI: 1
  m_PreserveUVs: 0
  m_IgnoreNormalsForChartDetection: 0
  m_ImportantGI: 0
  m_StitchLightmapSeams: 1
  m_SelectedEditorRenderState: 3
  m_MinimumChartSize: 4
  m_AutoUVMaxDistance: 0.5
  m_AutoUVMaxAngle: 89
  m_LightmapParameters: {fileID: 0}
  m_SortingLayerID: 0
  m_SortingLayer: 0
  m_SortingOrder: 0
  m_AdditionalVertexStreams: {fileID: 0}
--- !u!65 &1356614021629576858
BoxCollider:
  m_ObjectHideFlags: 0
  m_CorrespondingSourceObject: {fileID: 0}
  m_PrefabInstance: {fileID: 0}
  m_PrefabAsset: {fileID: 0}
  m_GameObject: {fileID: 7889981101673862630}
  m_Material: {fileID: 0}
  m_IsTrigger: 0
  m_Enabled: 1
  serializedVersion: 2
  m_Size: {x: 1, y: 1, z: 1}
  m_Center: {x: 0, y: 0, z: 0}
--- !u!1001 &610880112782516702
PrefabInstance:
  m_ObjectHideFlags: 0
  serializedVersion: 2
  m_Modification:
    m_TransformParent: {fileID: 3689092040866130615}
    m_Modifications:
    - target: {fileID: 3654336803309725612, guid: e5de84e4f5756a84b9d9ce59c6c41b56, type: 3}
      propertyPath: m_Name
      value: Window (Orange)
      objectReference: {fileID: 0}
    - target: {fileID: 5804848998054998498, guid: e5de84e4f5756a84b9d9ce59c6c41b56, type: 3}
      propertyPath: m_RootOrder
      value: 7
      objectReference: {fileID: 0}
    - target: {fileID: 5804848998054998498, guid: e5de84e4f5756a84b9d9ce59c6c41b56, type: 3}
      propertyPath: m_LocalPosition.x
      value: 1.4409661
      objectReference: {fileID: 0}
    - target: {fileID: 5804848998054998498, guid: e5de84e4f5756a84b9d9ce59c6c41b56, type: 3}
      propertyPath: m_LocalPosition.y
      value: -2.1219347
      objectReference: {fileID: 0}
    - target: {fileID: 5804848998054998498, guid: e5de84e4f5756a84b9d9ce59c6c41b56, type: 3}
      propertyPath: m_LocalPosition.z
      value: 0.6837971
      objectReference: {fileID: 0}
    - target: {fileID: 5804848998054998498, guid: e5de84e4f5756a84b9d9ce59c6c41b56, type: 3}
      propertyPath: m_LocalRotation.w
      value: 0.7071068
      objectReference: {fileID: 0}
    - target: {fileID: 5804848998054998498, guid: e5de84e4f5756a84b9d9ce59c6c41b56, type: 3}
      propertyPath: m_LocalRotation.x
      value: -0
      objectReference: {fileID: 0}
    - target: {fileID: 5804848998054998498, guid: e5de84e4f5756a84b9d9ce59c6c41b56, type: 3}
      propertyPath: m_LocalRotation.y
      value: 0.7071068
      objectReference: {fileID: 0}
    - target: {fileID: 5804848998054998498, guid: e5de84e4f5756a84b9d9ce59c6c41b56, type: 3}
      propertyPath: m_LocalRotation.z
      value: -0
      objectReference: {fileID: 0}
    - target: {fileID: 5804848998054998498, guid: e5de84e4f5756a84b9d9ce59c6c41b56, type: 3}
      propertyPath: m_LocalEulerAnglesHint.x
      value: 0
      objectReference: {fileID: 0}
    - target: {fileID: 5804848998054998498, guid: e5de84e4f5756a84b9d9ce59c6c41b56, type: 3}
      propertyPath: m_LocalEulerAnglesHint.y
      value: 90
      objectReference: {fileID: 0}
    - target: {fileID: 5804848998054998498, guid: e5de84e4f5756a84b9d9ce59c6c41b56, type: 3}
      propertyPath: m_LocalEulerAnglesHint.z
      value: 0
      objectReference: {fileID: 0}
    m_RemovedComponents: []
  m_SourcePrefab: {fileID: 100100000, guid: e5de84e4f5756a84b9d9ce59c6c41b56, type: 3}
--- !u!4 &6409958525830238268 stripped
Transform:
  m_CorrespondingSourceObject: {fileID: 5804848998054998498, guid: e5de84e4f5756a84b9d9ce59c6c41b56, type: 3}
  m_PrefabInstance: {fileID: 610880112782516702}
  m_PrefabAsset: {fileID: 0}
--- !u!1001 &2784445614194502161
PrefabInstance:
  m_ObjectHideFlags: 0
  serializedVersion: 2
  m_Modification:
    m_TransformParent: {fileID: 3689092040866130615}
    m_Modifications:
    - target: {fileID: 1646486547838758852, guid: 7db088e8264de1b4b80b2c9926210e8b, type: 3}
      propertyPath: m_RootOrder
      value: 10
      objectReference: {fileID: 0}
    - target: {fileID: 1646486547838758852, guid: 7db088e8264de1b4b80b2c9926210e8b, type: 3}
      propertyPath: m_LocalPosition.x
      value: -0.48175955
      objectReference: {fileID: 0}
    - target: {fileID: 1646486547838758852, guid: 7db088e8264de1b4b80b2c9926210e8b, type: 3}
      propertyPath: m_LocalPosition.y
      value: -2.1219347
      objectReference: {fileID: 0}
    - target: {fileID: 1646486547838758852, guid: 7db088e8264de1b4b80b2c9926210e8b, type: 3}
      propertyPath: m_LocalPosition.z
      value: 0.7653376
      objectReference: {fileID: 0}
    - target: {fileID: 1646486547838758852, guid: 7db088e8264de1b4b80b2c9926210e8b, type: 3}
      propertyPath: m_LocalRotation.w
      value: 0
      objectReference: {fileID: 0}
    - target: {fileID: 1646486547838758852, guid: 7db088e8264de1b4b80b2c9926210e8b, type: 3}
      propertyPath: m_LocalRotation.x
      value: -0
      objectReference: {fileID: 0}
    - target: {fileID: 1646486547838758852, guid: 7db088e8264de1b4b80b2c9926210e8b, type: 3}
      propertyPath: m_LocalRotation.y
      value: 1
      objectReference: {fileID: 0}
    - target: {fileID: 1646486547838758852, guid: 7db088e8264de1b4b80b2c9926210e8b, type: 3}
      propertyPath: m_LocalRotation.z
      value: -0
      objectReference: {fileID: 0}
    - target: {fileID: 1646486547838758852, guid: 7db088e8264de1b4b80b2c9926210e8b, type: 3}
      propertyPath: m_LocalEulerAnglesHint.x
      value: 0
      objectReference: {fileID: 0}
    - target: {fileID: 1646486547838758852, guid: 7db088e8264de1b4b80b2c9926210e8b, type: 3}
      propertyPath: m_LocalEulerAnglesHint.y
      value: 180
      objectReference: {fileID: 0}
    - target: {fileID: 1646486547838758852, guid: 7db088e8264de1b4b80b2c9926210e8b, type: 3}
      propertyPath: m_LocalEulerAnglesHint.z
      value: 0
      objectReference: {fileID: 0}
    - target: {fileID: 2279049564335504818, guid: 7db088e8264de1b4b80b2c9926210e8b, type: 3}
      propertyPath: m_Materials.Array.data[0]
      value: 
      objectReference: {fileID: 2100000, guid: 6ae6490b70f3640468864ecba2fcb1d3, type: 2}
    - target: {fileID: 2625327608391353199, guid: 7db088e8264de1b4b80b2c9926210e8b, type: 3}
      propertyPath: m_Materials.Array.data[0]
      value: 
      objectReference: {fileID: 2100000, guid: f741fdb4c75afe34ca399dabbe496df8, type: 2}
    - target: {fileID: 2784110858746281016, guid: 7db088e8264de1b4b80b2c9926210e8b, type: 3}
      propertyPath: m_Materials.Array.data[0]
      value: 
      objectReference: {fileID: 2100000, guid: 6ae6490b70f3640468864ecba2fcb1d3, type: 2}
    - target: {fileID: 4355886491763523693, guid: 7db088e8264de1b4b80b2c9926210e8b, type: 3}
      propertyPath: m_Materials.Array.data[0]
      value: 
      objectReference: {fileID: 2100000, guid: 6ae6490b70f3640468864ecba2fcb1d3, type: 2}
    - target: {fileID: 4813633364342856650, guid: 7db088e8264de1b4b80b2c9926210e8b, type: 3}
      propertyPath: m_Materials.Array.data[0]
      value: 
      objectReference: {fileID: 2100000, guid: 6ae6490b70f3640468864ecba2fcb1d3, type: 2}
    - target: {fileID: 6197518814692626200, guid: 7db088e8264de1b4b80b2c9926210e8b, type: 3}
      propertyPath: m_Materials.Array.data[0]
      value: 
      objectReference: {fileID: 2100000, guid: 6ae6490b70f3640468864ecba2fcb1d3, type: 2}
    - target: {fileID: 8068984554407795134, guid: 7db088e8264de1b4b80b2c9926210e8b, type: 3}
      propertyPath: m_Materials.Array.data[0]
      value: 
      objectReference: {fileID: 2100000, guid: 6ae6490b70f3640468864ecba2fcb1d3, type: 2}
    - target: {fileID: 8422090105796393354, guid: 7db088e8264de1b4b80b2c9926210e8b, type: 3}
      propertyPath: m_Name
      value: Window (Orange) (1)
      objectReference: {fileID: 0}
    m_RemovedComponents: []
  m_SourcePrefab: {fileID: 100100000, guid: 7db088e8264de1b4b80b2c9926210e8b, type: 3}
--- !u!4 &3493993150397433301 stripped
Transform:
  m_CorrespondingSourceObject: {fileID: 1646486547838758852, guid: 7db088e8264de1b4b80b2c9926210e8b, type: 3}
  m_PrefabInstance: {fileID: 2784445614194502161}
  m_PrefabAsset: {fileID: 0}
--- !u!1001 &3844429966387169354
PrefabInstance:
  m_ObjectHideFlags: 0
  serializedVersion: 2
  m_Modification:
    m_TransformParent: {fileID: 3689092040866130615}
    m_Modifications:
    - target: {fileID: 1646486547838758852, guid: 7db088e8264de1b4b80b2c9926210e8b, type: 3}
      propertyPath: m_RootOrder
      value: 6
      objectReference: {fileID: 0}
    - target: {fileID: 1646486547838758852, guid: 7db088e8264de1b4b80b2c9926210e8b, type: 3}
      propertyPath: m_LocalPosition.x
      value: -3.1390338
      objectReference: {fileID: 0}
    - target: {fileID: 1646486547838758852, guid: 7db088e8264de1b4b80b2c9926210e8b, type: 3}
      propertyPath: m_LocalPosition.y
      value: -2.1219347
      objectReference: {fileID: 0}
    - target: {fileID: 1646486547838758852, guid: 7db088e8264de1b4b80b2c9926210e8b, type: 3}
      propertyPath: m_LocalPosition.z
      value: 2.4847972
      objectReference: {fileID: 0}
    - target: {fileID: 1646486547838758852, guid: 7db088e8264de1b4b80b2c9926210e8b, type: 3}
      propertyPath: m_LocalRotation.w
      value: 0.7071068
      objectReference: {fileID: 0}
    - target: {fileID: 1646486547838758852, guid: 7db088e8264de1b4b80b2c9926210e8b, type: 3}
      propertyPath: m_LocalRotation.x
      value: -0
      objectReference: {fileID: 0}
    - target: {fileID: 1646486547838758852, guid: 7db088e8264de1b4b80b2c9926210e8b, type: 3}
      propertyPath: m_LocalRotation.y
      value: 0.7071068
      objectReference: {fileID: 0}
    - target: {fileID: 1646486547838758852, guid: 7db088e8264de1b4b80b2c9926210e8b, type: 3}
      propertyPath: m_LocalRotation.z
      value: -0
      objectReference: {fileID: 0}
    - target: {fileID: 1646486547838758852, guid: 7db088e8264de1b4b80b2c9926210e8b, type: 3}
      propertyPath: m_LocalEulerAnglesHint.x
      value: 0
      objectReference: {fileID: 0}
    - target: {fileID: 1646486547838758852, guid: 7db088e8264de1b4b80b2c9926210e8b, type: 3}
      propertyPath: m_LocalEulerAnglesHint.y
      value: 90
      objectReference: {fileID: 0}
    - target: {fileID: 1646486547838758852, guid: 7db088e8264de1b4b80b2c9926210e8b, type: 3}
      propertyPath: m_LocalEulerAnglesHint.z
      value: 0
      objectReference: {fileID: 0}
    - target: {fileID: 2279049564335504818, guid: 7db088e8264de1b4b80b2c9926210e8b, type: 3}
      propertyPath: m_Materials.Array.data[0]
      value: 
      objectReference: {fileID: 2100000, guid: 6ae6490b70f3640468864ecba2fcb1d3, type: 2}
    - target: {fileID: 2784110858746281016, guid: 7db088e8264de1b4b80b2c9926210e8b, type: 3}
      propertyPath: m_Materials.Array.data[0]
      value: 
      objectReference: {fileID: 2100000, guid: 6ae6490b70f3640468864ecba2fcb1d3, type: 2}
    - target: {fileID: 4355886491763523693, guid: 7db088e8264de1b4b80b2c9926210e8b, type: 3}
      propertyPath: m_Materials.Array.data[0]
      value: 
      objectReference: {fileID: 2100000, guid: 6ae6490b70f3640468864ecba2fcb1d3, type: 2}
    - target: {fileID: 4813633364342856650, guid: 7db088e8264de1b4b80b2c9926210e8b, type: 3}
      propertyPath: m_Materials.Array.data[0]
      value: 
      objectReference: {fileID: 2100000, guid: 6ae6490b70f3640468864ecba2fcb1d3, type: 2}
    - target: {fileID: 6197518814692626200, guid: 7db088e8264de1b4b80b2c9926210e8b, type: 3}
      propertyPath: m_Materials.Array.data[0]
      value: 
      objectReference: {fileID: 2100000, guid: 6ae6490b70f3640468864ecba2fcb1d3, type: 2}
    - target: {fileID: 8068984554407795134, guid: 7db088e8264de1b4b80b2c9926210e8b, type: 3}
      propertyPath: m_Materials.Array.data[0]
      value: 
      objectReference: {fileID: 2100000, guid: 6ae6490b70f3640468864ecba2fcb1d3, type: 2}
    - target: {fileID: 8422090105796393354, guid: 7db088e8264de1b4b80b2c9926210e8b, type: 3}
      propertyPath: m_Name
      value: Window (1)
      objectReference: {fileID: 0}
    m_RemovedComponents: []
  m_SourcePrefab: {fileID: 100100000, guid: 7db088e8264de1b4b80b2c9926210e8b, type: 3}
--- !u!4 &2558984006095644558 stripped
Transform:
  m_CorrespondingSourceObject: {fileID: 1646486547838758852, guid: 7db088e8264de1b4b80b2c9926210e8b, type: 3}
  m_PrefabInstance: {fileID: 3844429966387169354}
  m_PrefabAsset: {fileID: 0}
--- !u!1001 &6122068972015891675
PrefabInstance:
  m_ObjectHideFlags: 0
  serializedVersion: 2
  m_Modification:
    m_TransformParent: {fileID: 3689092040866130615}
    m_Modifications:
    - target: {fileID: 1646486547838758852, guid: 7db088e8264de1b4b80b2c9926210e8b, type: 3}
      propertyPath: m_RootOrder
      value: 5
      objectReference: {fileID: 0}
    - target: {fileID: 1646486547838758852, guid: 7db088e8264de1b4b80b2c9926210e8b, type: 3}
      propertyPath: m_LocalPosition.x
      value: -3.1390338
      objectReference: {fileID: 0}
    - target: {fileID: 1646486547838758852, guid: 7db088e8264de1b4b80b2c9926210e8b, type: 3}
      propertyPath: m_LocalPosition.y
      value: -2.1219347
      objectReference: {fileID: 0}
    - target: {fileID: 1646486547838758852, guid: 7db088e8264de1b4b80b2c9926210e8b, type: 3}
      propertyPath: m_LocalPosition.z
      value: 0.68179715
      objectReference: {fileID: 0}
    - target: {fileID: 1646486547838758852, guid: 7db088e8264de1b4b80b2c9926210e8b, type: 3}
      propertyPath: m_LocalRotation.w
      value: 0.7071068
      objectReference: {fileID: 0}
    - target: {fileID: 1646486547838758852, guid: 7db088e8264de1b4b80b2c9926210e8b, type: 3}
      propertyPath: m_LocalRotation.x
      value: -0
      objectReference: {fileID: 0}
    - target: {fileID: 1646486547838758852, guid: 7db088e8264de1b4b80b2c9926210e8b, type: 3}
      propertyPath: m_LocalRotation.y
      value: 0.7071068
      objectReference: {fileID: 0}
    - target: {fileID: 1646486547838758852, guid: 7db088e8264de1b4b80b2c9926210e8b, type: 3}
      propertyPath: m_LocalRotation.z
      value: -0
      objectReference: {fileID: 0}
    - target: {fileID: 1646486547838758852, guid: 7db088e8264de1b4b80b2c9926210e8b, type: 3}
      propertyPath: m_LocalEulerAnglesHint.x
      value: 0
      objectReference: {fileID: 0}
    - target: {fileID: 1646486547838758852, guid: 7db088e8264de1b4b80b2c9926210e8b, type: 3}
      propertyPath: m_LocalEulerAnglesHint.y
      value: 90
      objectReference: {fileID: 0}
    - target: {fileID: 1646486547838758852, guid: 7db088e8264de1b4b80b2c9926210e8b, type: 3}
      propertyPath: m_LocalEulerAnglesHint.z
      value: 0
      objectReference: {fileID: 0}
    - target: {fileID: 2279049564335504818, guid: 7db088e8264de1b4b80b2c9926210e8b, type: 3}
      propertyPath: m_Materials.Array.data[0]
      value: 
      objectReference: {fileID: 2100000, guid: 6ae6490b70f3640468864ecba2fcb1d3, type: 2}
    - target: {fileID: 2784110858746281016, guid: 7db088e8264de1b4b80b2c9926210e8b, type: 3}
      propertyPath: m_Materials.Array.data[0]
      value: 
      objectReference: {fileID: 2100000, guid: 6ae6490b70f3640468864ecba2fcb1d3, type: 2}
    - target: {fileID: 4355886491763523693, guid: 7db088e8264de1b4b80b2c9926210e8b, type: 3}
      propertyPath: m_Materials.Array.data[0]
      value: 
      objectReference: {fileID: 2100000, guid: 6ae6490b70f3640468864ecba2fcb1d3, type: 2}
    - target: {fileID: 4813633364342856650, guid: 7db088e8264de1b4b80b2c9926210e8b, type: 3}
      propertyPath: m_Materials.Array.data[0]
      value: 
      objectReference: {fileID: 2100000, guid: 6ae6490b70f3640468864ecba2fcb1d3, type: 2}
    - target: {fileID: 6197518814692626200, guid: 7db088e8264de1b4b80b2c9926210e8b, type: 3}
      propertyPath: m_Materials.Array.data[0]
      value: 
      objectReference: {fileID: 2100000, guid: 6ae6490b70f3640468864ecba2fcb1d3, type: 2}
    - target: {fileID: 8068984554407795134, guid: 7db088e8264de1b4b80b2c9926210e8b, type: 3}
      propertyPath: m_Materials.Array.data[0]
      value: 
      objectReference: {fileID: 2100000, guid: 6ae6490b70f3640468864ecba2fcb1d3, type: 2}
    - target: {fileID: 8422090105796393354, guid: 7db088e8264de1b4b80b2c9926210e8b, type: 3}
      propertyPath: m_Name
      value: Window
      objectReference: {fileID: 0}
    m_RemovedComponents: []
  m_SourcePrefab: {fileID: 100100000, guid: 7db088e8264de1b4b80b2c9926210e8b, type: 3}
--- !u!4 &4768339493995535135 stripped
Transform:
  m_CorrespondingSourceObject: {fileID: 1646486547838758852, guid: 7db088e8264de1b4b80b2c9926210e8b, type: 3}
  m_PrefabInstance: {fileID: 6122068972015891675}
  m_PrefabAsset: {fileID: 0}
--- !u!1001 &7434341638258808967
PrefabInstance:
  m_ObjectHideFlags: 0
  serializedVersion: 2
  m_Modification:
    m_TransformParent: {fileID: 3689092040866130615}
    m_Modifications:
    - target: {fileID: 2685486505873541833, guid: eca7474922829f148b4529951e9d5c27, type: 3}
      propertyPath: m_RootOrder
      value: 11
      objectReference: {fileID: 0}
    - target: {fileID: 2685486505873541833, guid: eca7474922829f148b4529951e9d5c27, type: 3}
      propertyPath: m_LocalPosition.x
      value: -0.236
      objectReference: {fileID: 0}
    - target: {fileID: 2685486505873541833, guid: eca7474922829f148b4529951e9d5c27, type: 3}
      propertyPath: m_LocalPosition.y
      value: -2.1219347
      objectReference: {fileID: 0}
    - target: {fileID: 2685486505873541833, guid: eca7474922829f148b4529951e9d5c27, type: 3}
      propertyPath: m_LocalPosition.z
      value: 2.5737972
      objectReference: {fileID: 0}
    - target: {fileID: 2685486505873541833, guid: eca7474922829f148b4529951e9d5c27, type: 3}
      propertyPath: m_LocalRotation.w
      value: 1
      objectReference: {fileID: 0}
    - target: {fileID: 2685486505873541833, guid: eca7474922829f148b4529951e9d5c27, type: 3}
      propertyPath: m_LocalRotation.x
      value: -0
      objectReference: {fileID: 0}
    - target: {fileID: 2685486505873541833, guid: eca7474922829f148b4529951e9d5c27, type: 3}
      propertyPath: m_LocalRotation.y
      value: -0
      objectReference: {fileID: 0}
    - target: {fileID: 2685486505873541833, guid: eca7474922829f148b4529951e9d5c27, type: 3}
      propertyPath: m_LocalRotation.z
      value: -0
      objectReference: {fileID: 0}
    - target: {fileID: 2685486505873541833, guid: eca7474922829f148b4529951e9d5c27, type: 3}
      propertyPath: m_LocalEulerAnglesHint.x
      value: 0
      objectReference: {fileID: 0}
    - target: {fileID: 2685486505873541833, guid: eca7474922829f148b4529951e9d5c27, type: 3}
      propertyPath: m_LocalEulerAnglesHint.y
      value: 0
      objectReference: {fileID: 0}
    - target: {fileID: 2685486505873541833, guid: eca7474922829f148b4529951e9d5c27, type: 3}
      propertyPath: m_LocalEulerAnglesHint.z
      value: 0
      objectReference: {fileID: 0}
    - target: {fileID: 5151268193536482439, guid: eca7474922829f148b4529951e9d5c27, type: 3}
      propertyPath: m_Name
      value: Window (Pink)
      objectReference: {fileID: 0}
    m_RemovedComponents: []
  m_SourcePrefab: {fileID: 100100000, guid: eca7474922829f148b4529951e9d5c27, type: 3}
--- !u!4 &4785309811136614990 stripped
Transform:
  m_CorrespondingSourceObject: {fileID: 2685486505873541833, guid: eca7474922829f148b4529951e9d5c27, type: 3}
  m_PrefabInstance: {fileID: 7434341638258808967}
  m_PrefabAsset: {fileID: 0}
--- !u!1001 &8310617085800320986
PrefabInstance:
  m_ObjectHideFlags: 0
  serializedVersion: 2
  m_Modification:
    m_TransformParent: {fileID: 3689092040866130615}
    m_Modifications:
    - target: {fileID: 1646486547838758852, guid: 7db088e8264de1b4b80b2c9926210e8b, type: 3}
      propertyPath: m_RootOrder
      value: 8
      objectReference: {fileID: 0}
    - target: {fileID: 1646486547838758852, guid: 7db088e8264de1b4b80b2c9926210e8b, type: 3}
      propertyPath: m_LocalPosition.x
      value: 1.4409661
      objectReference: {fileID: 0}
    - target: {fileID: 1646486547838758852, guid: 7db088e8264de1b4b80b2c9926210e8b, type: 3}
      propertyPath: m_LocalPosition.y
      value: -2.1219347
      objectReference: {fileID: 0}
    - target: {fileID: 1646486547838758852, guid: 7db088e8264de1b4b80b2c9926210e8b, type: 3}
      propertyPath: m_LocalPosition.z
      value: 2.486797
      objectReference: {fileID: 0}
    - target: {fileID: 1646486547838758852, guid: 7db088e8264de1b4b80b2c9926210e8b, type: 3}
      propertyPath: m_LocalRotation.w
      value: 0.7071068
      objectReference: {fileID: 0}
    - target: {fileID: 1646486547838758852, guid: 7db088e8264de1b4b80b2c9926210e8b, type: 3}
      propertyPath: m_LocalRotation.x
      value: -0
      objectReference: {fileID: 0}
    - target: {fileID: 1646486547838758852, guid: 7db088e8264de1b4b80b2c9926210e8b, type: 3}
      propertyPath: m_LocalRotation.y
      value: 0.7071068
      objectReference: {fileID: 0}
    - target: {fileID: 1646486547838758852, guid: 7db088e8264de1b4b80b2c9926210e8b, type: 3}
      propertyPath: m_LocalRotation.z
      value: -0
      objectReference: {fileID: 0}
    - target: {fileID: 1646486547838758852, guid: 7db088e8264de1b4b80b2c9926210e8b, type: 3}
      propertyPath: m_LocalEulerAnglesHint.x
      value: 0
      objectReference: {fileID: 0}
    - target: {fileID: 1646486547838758852, guid: 7db088e8264de1b4b80b2c9926210e8b, type: 3}
      propertyPath: m_LocalEulerAnglesHint.y
      value: 90
      objectReference: {fileID: 0}
    - target: {fileID: 1646486547838758852, guid: 7db088e8264de1b4b80b2c9926210e8b, type: 3}
      propertyPath: m_LocalEulerAnglesHint.z
      value: 0
      objectReference: {fileID: 0}
    - target: {fileID: 2279049564335504818, guid: 7db088e8264de1b4b80b2c9926210e8b, type: 3}
      propertyPath: m_Materials.Array.data[0]
      value: 
      objectReference: {fileID: 2100000, guid: 6ae6490b70f3640468864ecba2fcb1d3, type: 2}
    - target: {fileID: 2784110858746281016, guid: 7db088e8264de1b4b80b2c9926210e8b, type: 3}
      propertyPath: m_Materials.Array.data[0]
      value: 
      objectReference: {fileID: 2100000, guid: 6ae6490b70f3640468864ecba2fcb1d3, type: 2}
    - target: {fileID: 4355886491763523693, guid: 7db088e8264de1b4b80b2c9926210e8b, type: 3}
      propertyPath: m_Materials.Array.data[0]
      value: 
      objectReference: {fileID: 2100000, guid: 6ae6490b70f3640468864ecba2fcb1d3, type: 2}
    - target: {fileID: 4813633364342856650, guid: 7db088e8264de1b4b80b2c9926210e8b, type: 3}
      propertyPath: m_Materials.Array.data[0]
      value: 
      objectReference: {fileID: 2100000, guid: 6ae6490b70f3640468864ecba2fcb1d3, type: 2}
    - target: {fileID: 6197518814692626200, guid: 7db088e8264de1b4b80b2c9926210e8b, type: 3}
      propertyPath: m_Materials.Array.data[0]
      value: 
      objectReference: {fileID: 2100000, guid: 6ae6490b70f3640468864ecba2fcb1d3, type: 2}
    - target: {fileID: 8068984554407795134, guid: 7db088e8264de1b4b80b2c9926210e8b, type: 3}
      propertyPath: m_Materials.Array.data[0]
      value: 
      objectReference: {fileID: 2100000, guid: 6ae6490b70f3640468864ecba2fcb1d3, type: 2}
    - target: {fileID: 8422090105796393354, guid: 7db088e8264de1b4b80b2c9926210e8b, type: 3}
      propertyPath: m_Name
      value: Window (2)
      objectReference: {fileID: 0}
    m_RemovedComponents: []
  m_SourcePrefab: {fileID: 100100000, guid: 7db088e8264de1b4b80b2c9926210e8b, type: 3}
--- !u!4 &7317294960880443422 stripped
Transform:
  m_CorrespondingSourceObject: {fileID: 1646486547838758852, guid: 7db088e8264de1b4b80b2c9926210e8b, type: 3}
  m_PrefabInstance: {fileID: 8310617085800320986}
  m_PrefabAsset: {fileID: 0}
--- !u!1001 &8367781230395714863
PrefabInstance:
  m_ObjectHideFlags: 0
  serializedVersion: 2
  m_Modification:
    m_TransformParent: {fileID: 3689092040866130615}
    m_Modifications:
    - target: {fileID: 1646486547838758852, guid: 7db088e8264de1b4b80b2c9926210e8b, type: 3}
      propertyPath: m_RootOrder
      value: 9
      objectReference: {fileID: 0}
    - target: {fileID: 1646486547838758852, guid: 7db088e8264de1b4b80b2c9926210e8b, type: 3}
      propertyPath: m_LocalPosition.x
      value: 1.3209658
      objectReference: {fileID: 0}
    - target: {fileID: 1646486547838758852, guid: 7db088e8264de1b4b80b2c9926210e8b, type: 3}
      propertyPath: m_LocalPosition.y
      value: -2.1219347
      objectReference: {fileID: 0}
    - target: {fileID: 1646486547838758852, guid: 7db088e8264de1b4b80b2c9926210e8b, type: 3}
      propertyPath: m_LocalPosition.z
      value: 0.79679716
      objectReference: {fileID: 0}
    - target: {fileID: 1646486547838758852, guid: 7db088e8264de1b4b80b2c9926210e8b, type: 3}
      propertyPath: m_LocalRotation.w
      value: 0
      objectReference: {fileID: 0}
    - target: {fileID: 1646486547838758852, guid: 7db088e8264de1b4b80b2c9926210e8b, type: 3}
      propertyPath: m_LocalRotation.x
      value: -0
      objectReference: {fileID: 0}
    - target: {fileID: 1646486547838758852, guid: 7db088e8264de1b4b80b2c9926210e8b, type: 3}
      propertyPath: m_LocalRotation.y
      value: 1
      objectReference: {fileID: 0}
    - target: {fileID: 1646486547838758852, guid: 7db088e8264de1b4b80b2c9926210e8b, type: 3}
      propertyPath: m_LocalRotation.z
      value: -0
      objectReference: {fileID: 0}
    - target: {fileID: 1646486547838758852, guid: 7db088e8264de1b4b80b2c9926210e8b, type: 3}
      propertyPath: m_LocalEulerAnglesHint.x
      value: 0
      objectReference: {fileID: 0}
    - target: {fileID: 1646486547838758852, guid: 7db088e8264de1b4b80b2c9926210e8b, type: 3}
      propertyPath: m_LocalEulerAnglesHint.y
      value: 180
      objectReference: {fileID: 0}
    - target: {fileID: 1646486547838758852, guid: 7db088e8264de1b4b80b2c9926210e8b, type: 3}
      propertyPath: m_LocalEulerAnglesHint.z
      value: 0
      objectReference: {fileID: 0}
    - target: {fileID: 2279049564335504818, guid: 7db088e8264de1b4b80b2c9926210e8b, type: 3}
      propertyPath: m_Materials.Array.data[0]
      value: 
      objectReference: {fileID: 2100000, guid: 6ae6490b70f3640468864ecba2fcb1d3, type: 2}
    - target: {fileID: 2784110858746281016, guid: 7db088e8264de1b4b80b2c9926210e8b, type: 3}
      propertyPath: m_Materials.Array.data[0]
      value: 
      objectReference: {fileID: 2100000, guid: 6ae6490b70f3640468864ecba2fcb1d3, type: 2}
    - target: {fileID: 4355886491763523693, guid: 7db088e8264de1b4b80b2c9926210e8b, type: 3}
      propertyPath: m_Materials.Array.data[0]
      value: 
      objectReference: {fileID: 2100000, guid: 6ae6490b70f3640468864ecba2fcb1d3, type: 2}
    - target: {fileID: 4813633364342856650, guid: 7db088e8264de1b4b80b2c9926210e8b, type: 3}
      propertyPath: m_Materials.Array.data[0]
      value: 
      objectReference: {fileID: 2100000, guid: 6ae6490b70f3640468864ecba2fcb1d3, type: 2}
    - target: {fileID: 6197518814692626200, guid: 7db088e8264de1b4b80b2c9926210e8b, type: 3}
      propertyPath: m_Materials.Array.data[0]
      value: 
      objectReference: {fileID: 2100000, guid: 6ae6490b70f3640468864ecba2fcb1d3, type: 2}
    - target: {fileID: 8068984554407795134, guid: 7db088e8264de1b4b80b2c9926210e8b, type: 3}
      propertyPath: m_Materials.Array.data[0]
      value: 
      objectReference: {fileID: 2100000, guid: 6ae6490b70f3640468864ecba2fcb1d3, type: 2}
    - target: {fileID: 8422090105796393354, guid: 7db088e8264de1b4b80b2c9926210e8b, type: 3}
      propertyPath: m_Name
      value: Window (3)
      objectReference: {fileID: 0}
    m_RemovedComponents: []
  m_SourcePrefab: {fileID: 100100000, guid: 7db088e8264de1b4b80b2c9926210e8b, type: 3}
--- !u!4 &7131778194306859755 stripped
Transform:
  m_CorrespondingSourceObject: {fileID: 1646486547838758852, guid: 7db088e8264de1b4b80b2c9926210e8b, type: 3}
  m_PrefabInstance: {fileID: 8367781230395714863}
  m_PrefabAsset: {fileID: 0}
